2604 4082
203 220 245 286 42
608 219 669 276 nio.
688 221 722 290 u,
742 227 765 276 r.
786 227 811 276 a.

201 371 254 448 qui
273 369 412 446 singulas.
449 368 601 430 Mensores
621 371 722 448 quiin
741 370 847 430 castris
866 369 901 430 ad
925 368 1094 449 podismum
1117 370 1221 435 deme-

201 460 318 520 tiuntur
336 458 409 538 loca,
432 460 462 518 in
482 457 591 537 quihus
609 460 738 518 tentoria
761 456 869 524 milites
893 458 991 538 ligant,
1016 457 1065 518 uel
1087 457 1222 538 hospitia

201 549 233 607 iu
256 546 429 609 ciuitatibus
451 556 611 626 praestant.
653 545 796 628 Torquati
820 546 967 626 duplares,
990 549 1124 625 torquati
1148 549 1221 612 stm-

201 635 314 716 piares3
333 643 457 715 torques
470 654 580 696 aureus
594 635 707 696 solidus
722 637 845 696 uirtutis
862 637 1027 714 praemium
1042 635 1107 715 suit,
1125 653 1222 714 quem

174 727 256 803 aqui
278 727 438 786 meruisset
465 733 585 804 praeter
611 723 728 786 laudern
751 724 902 786 interdum
925 723 1029 803 duplas
1053 742 1221 804 conseque-

201 813 289 875 batur
308 831 447 874 annonas.
484 813 638 894 Duplares,
657 811 869 892 sesquiplares:
892 813 1030 891 duplares
1050 812 1132 892 duos,
1156 831 1222 876 ses·

203 903 352 981 quiplares
373 920 462 963 unam
481 905 572 962 semis
590 900 851 986 consequebantur
869 919 1024 964 annonam
1062 900 1222 964 Candidati

202 991 351 1070 duplares,
374 990 521 1052 candidati
544 989 708 1069 simplaree.
745 990 782 1052 lli
806 999 875 1052 sunt
899 990 1008 1053 milites
1027 990 1220 1072 principales,

202 1081 256 1158 qui
282 1077 446 1158 priuilegiis
474 1081 659 1140 muniuntur.
701 1079 819 1159 Reliqui
842 1079 997 1143 momuoes
1021 1078 1221 1161 appellantur,

162 1181 188 1222 ιο
203 1170 270 1245 quia
294 1184 418 1231 munera
441 1169 539 1229 iacere
563 1175 719 1247 coguntur.

94 1277 296 1355 sopntmrpnu
357 1255 430 1317 Vlil
454 1256 546 1318 Vetus
565 1266 663 1318 tamen
683 1255 868 1318 consuetudo
887 1259 993 1337 tenuit,
1012 1264 1046 1318 ut
1064 1275 1100 1318 ax
1118 1258 1221 1336 primo

93 1330 219 1400 liciniis?
251 1331 287 1356 '¹⁰'
308 1347 441 1425 principe
456 1345 581 1425 legionis
594 1354 824 1425 promouerctur
838 1347 973 1406 centurio
988 1347 1076 1424 primi
1090 1344 1153 1424 pili,
1165 1348 1220 1426 qui

201 1452 260 1495 non
276 1433 371 1496 solum
386 1433 500 1513 aquilae
514 1442 660 1515 praeerat,
675 1452 781 1495 uerum
797 1437 885 1496 ctiam
899 1441 1039 1513 quattuor
1055 1436 1219 1516 centuriae,

202 1522 258 1584 hoc
277 1530 325 1583 est
342 1534 430 1584 cccc
449 1523 568 1604 milites,
590 1525 622 1582 in
640 1525 736 1603 prima
754 1525 817 1584 acia
840 1521 1033 1602 gubernabat„
1068 1521 1123 1586 Hie
1142 1530 1219 1585 tam-

162 1625 187 1664 15
202 1629 290 1689 quam
315 1620 403 1689 eaput
426 1613 519 1673 totius
544 1611 671 1690 legionis
692 1614 798 1674 merita
821 1610 1058 1690 consequebatur
1082 1620 1112 1670 et
1135 1627 1217 1672 com-

202 1698 296 1759 moda.
337 1698 411 1766 item
439 1703 554 1779 primus
582 1700 715 1761 hastatus
744 1701 819 1762 duas
845 1703 1009 1780 centurias,
1041 1699 1070 1764 id
1099 1706 1146 1762 est
1175 1713 1218 1762 cc

202 1786 346 1868 homines,
370 1787 498 1851 duoebat
518 1792 549 1850 in
568 1791 630 1849 acie
650 1788 789 1864 secunda,
813 1807 902 1868 quem
920 1807 1001 1850 nunc
1019 1788 1217 1850 ducenarium
1289 1817 1290 1828 ι

202 1885 318 1937 uocant.
354 1876 499 1957 Princeps
518 1885 616 1938 autem
635 1880 747 1957 primae
772 1877 903 1938 colrortis
927 1879 1092 1938 centuriam
1116 1879 1217 1959 semis,

218 2065 252 2120 V.
269 2065 300 2120 L.
339 2072 354 2120 1
373 2065 537 2120 mensurisd
555 2067 671 2134 (puncto
682 2072 745 2135 poet
759 2065 828 2136 smg.
843 2066 960 2134 sublato)
1003 2065 1089 2137 dem]
1105 2067 1216 2122 metun-

199 2137 248 2192 ltur
266 2138 298 2191 H
370 2138 461 2207 figunt
479 2140 511 2191 H
586 2135 767 2207 3simplares
784 2137 806 2190 O
825 2135 1008 2206 sesquiplares
1023 2137 1142 2192 Scriucr.

201 2208 322 2279 storq]
342 2207 445 2277 quibus
460 2207 574 2277 torques
580 2209 609 2263 P
646 2207 763 2278 solidus]
784 2207 917 2264 solidaei
936 2207 1021 2264 solius
1028 2209 1060 2260 H
1097 2213 1218 2276 oprop·

200 2281 245 2332 ter
263 2280 409 2334 landeml
431 2275 506 2354 ppei
523 2280 540 2334 l.
559 2280 587 2334 P
666 2278 780 2349 duplas]
801 2278 961 2346 deplorata
1036 2277 1218 2346 6anlares,
1287 2313 1288 2322 ι

201 2348 391 2418 sesquiplaresz
421 2349 554 2420 duplaret
569 2351 649 2418 dues,
667 2349 851 2419 sesquiplercs
866 2350 950 2420 Lamp
968 2348 1100 2418 duplares
1114 2347 1220 2418 linqui-

200 2419 295 2488 pleres
310 2420 429 2490 (siquipl.
441 2421 477 2490 G)
496 2421 629 2489 duplaret
644 2421 715 2475 duas
729 2419 945 2490 sanquiplarese
967 2419 1056 2492 [dupi.
1071 2419 1151 2490 sesq]
1169 2420 1218 2474 dn·

200 2489 295 2611 plnres
315 2490 386 2545 duas
405 2490 451 2545 sex
474 2491 523 2560 qui
546 2491 640 2560 plnres
655 2494 686 2545 H
711 2491 843 2560 deplores
861 2491 907 2546 sex
930 2494 976 2561 (ex
996 2491 1035 2560 P)
1056 2490 1106 2560 qui
1124 2491 1221 2561 piures

223 2559 272 2612 uas
296 2559 386 2629 sesqui
409 2563 455 2615 aP
480 2560 613 2628 duplares
637 2561 707 2618 duas
731 2561 915 2633 sesquiplnres
936 2562 1057 2618 Oudenoi.
1087 2561 1220 2631 duplares
1286 2565 1287 2582 ³

144 2693 146 2698 .
200 2630 281 2698 duas,
300 2629 446 2701 [impleres
460 2633 544 2701 sculpo
630 2638 665 2688 10
683 2632 751 2702 quio
768 2634 885 2703 propter
902 2649 1019 2689 munera
1037 2635 1165 2702 (numera
1183 2633 1217 2704 Q)

199 2701 293 2756 iacere
310 2701 447 2758 miliciam
465 2701 559 2769 (milit.
579 2703 616 2772 P)
635 2706 774 2772 coguntur
792 2705 835 2760 tP

273 2772 420 2829 OteVlH.
449 2774 518 2829 Vide
531 2775 564 2829 de
581 2774 630 2830 too
644 2777 733 2846 cupite
750 2777 867 2832 neaerae
884 2777 1040 2844 impatienti
1055 2774 1219 2832 Fdrstemun
1285 2831 1286 2834 ,

201 2845 219 2898 l.
234 2845 252 2898 l.
262 2861 292 2914 p.
307 2849 416 2900 13r20
476 2851 508 2900 11
528 2845 636 2918 tamen]
657 2849 779 2902 autemt
821 2845 865 2918 [in
883 2845 943 2902 nuic
967 2845 1104 2974 seeunueq
1118 2846 1219 2917 Ladae

201 2915 272 2984 (dist.
296 2933 330 2969 m.
354 2934 377 2972 r.
404 2933 438 2971 m.
463 2915 498 2972 R.
522 2933 551 2986 p.
571 2918 621 2984 88)
708 2924 741 2974 18
765 2917 895 2988 princeps
914 2920 1010 2972 autem
1029 2917 1073 2972 aD
1132 2919 1220 2987 welpo

202 2985 355 3041 Menneu„
381 2985 424 3052 (0.
449 2987 476 3040 I.
500 2987 533 3042 L.
558 2987 630 3055 ΙΙΙ,
654 2993 722 3058 830)
749 2987 890 3060 principes
913 2991 1008 3044 autem
1035 2987 1061 3042 V
1088 2988 1222 3058 princeps

201 3055 295 3110 autem
314 3055 450 3112 secundus
461 3058 492 3111 H
508 3057 662 3114 Salmasius
679 3061 713 3116 de
729 3077 753 3117 r.
772 3077 806 3115 m.
822 3076 843 3116 a
859 3065 877 3113 6
891 3059 1007 3114 Fdrator
1061 3058 1220 3116 centuriam

201 3128 231 3180 et
248 3125 332 3182 semis
351 3131 391 3194 (et
408 3131 465 3184 o2
489 3130 633 3199 adiectam)
653 3133 685 3184 H
707 3133 829 3203 mimum
850 3131 990 3186 hastatum
1013 3135 1038 3187 ec
1058 3131 1220 3201 prinoipem

200 3237 414 3251 -Ἦ

219 3304 246 3360 S.
265 3303 295 3361 L.
334 3306 702 3378 1menforer1mess0rerp
748 3306 961 3377 ihospiciaM
1000 3305 1147 3377 storquis
1159 3307 1223 3364 HV
1283 3353 1284 3366 ι

272 3376 434 3504 mplasl,
442 3378 546 3448 duplex
566 3381 597 3432 H
665 3379 793 3450 innam]
812 3397 897 3434 unum
915 3399 936 3433 α
1011 3377 1220 3447 consequeban-

200 3445 259 3516 tur]
279 3447 414 3516 conseque
435 3452 499 3504 atur
517 3453 564 3519 Ap
608 3448 760 3506 candedati
778 3449 814 3504 A’
855 3450 1040 3508 Scaudedati
1053 3450 1089 3508 A'
1132 3448 1176 3507 hii
1190 3450 1219 3504 A

273 3516 336 3575 (lar.
357 3519 429 3576 VHI.
469 3526 503 3574 14
521 3521 697 3591 gubernauat
714 3524 745 3574 H
830 3526 863 3575 16
882 3521 1022 3593 huntus]
1041 3520 1174 3580 hesimus
1189 3520 1217 3576 α’

200 3587 308 3644 astatus
322 3605 390 3647 corr.
409 3593 442 3646 io
460 3591 567 3647 astatus
582 3591 614 3648 d·
681 3589 820 3650 centesies
835 3591 874 3648 M
