2604 4082
199 194 242 257 82
616 193 675 249 oie.
694 193 742 264 111,
762 198 787 249 e.

111 365 279 406 eumanum
350 341 424 403 Vlll.
449 341 642 420 Consequens
655 343 785 423 uidetur,
799 343 916 403 itineris
935 343 1145 406 obseruatione
1164 345 1211 404 de-

92 409 256 487 musmo
267 417 296 440 ⁰*
307 433 430 511 scripta,
445 431 481 491 ad
496 438 672 512 castrorum,
681 433 711 491 in
727 431 836 511 quibus
851 431 1029 492 manendum
1044 440 1099 513 est,
1109 436 1212 494 uenire

200 522 354 581 rationem.
395 519 460 580 Non
485 521 564 580 enim
587 518 658 580 belli
681 529 815 600 tempore
839 521 875 581 ad
899 522 1036 581 statiuam
1060 520 1110 582 uel
1134 540 1211 582 man·

201 611 314 670 sionem
343 611 448 670 ciuitas
478 616 593 668 murata
622 626 740 687 semper
769 611 916 683 occurrit,
940 616 971 669 et
992 611 1145 670 incautum
1169 618 1215 670 est

172 697 380 777 splenumque
399 697 580 758 discriminis
599 699 763 758 exercitum
783 699 892 776 passim
912 699 974 757 sine
997 697 1094 776 aliqua
1118 701 1212 759 muni·

200 788 280 847 tione
304 786 471 866 considere,
495 803 563 847 cum
587 785 731 846 militibus
755 785 790 846 ad
810 786 987 864 capiendum
1006 786 1106 847 cibum
1126 806 1212 847 occu·

198 877 285 955 patis5
304 875 340 934 ad
359 892 484 935 munera
499 874 632 934 iacienda
646 875 788 954 dispersis
803 873 888 934 facile
903 882 1061 936 nectantur
1075 875 1212 956 insidiam

200 971 350 1043 postremo
375 965 471 1024 noctis
495 961 675 1043 obscuritas,
703 965 866 1024 necessitas
891 965 1001 1044 somni,
1028 966 1213 1042 pascentium

200 1069 347 1130 equorum
371 1051 517 1129 dispersio
540 1054 727 1112 occasionem
752 1051 984 1129 superuentibus
1007 1059 1147 1131 praestat
1180 1053 1213 1112 ln

160 1159 186 1201 ιο
200 1139 346 1200 metandis
361 1142 467 1200 castris
480 1158 541 1200 non
560 1139 670 1201 scilicit
690 1141 787 1201 locum
807 1140 918 1201 bonum
937 1139 1050 1221 legere,
1069 1143 1128 1200 nisi
1147 1141 1214 1202 talis

180 1247 184 1254 ·
200 1231 246 1302 sit,
271 1236 304 1288 ut
322 1227 398 1288 alter
417 1247 452 1288 eo
472 1247 529 1289 non
550 1231 646 1309 possit
664 1229 769 1289 melior
787 1231 925 1308 inueniri,
949 1247 987 1288 ne
1006 1228 1107 1289 utilior
1127 1248 1213 1309 prae·

200 1318 356 1377 termissus
376 1317 497 1378 anobis
517 1326 546 1378 et
564 1316 600 1377 ab
624 1318 804 1378 aduersariis
826 1326 990 1396 occupatus
1013 1317 1152 1397 adportet
1169 1321 1213 1379 in·

200 1405 397 1467 commodum.
431 1406 603 1468 Cauendum
623 1418 751 1486 quoque,
773 1425 812 1466 ne
830 1424 886 1485 per
906 1414 1047 1467 aestatem
1066 1414 1118 1467 aut
1135 1425 1214 1467 mor-

199 1493 270 1554 bosa
294 1497 325 1554 in
348 1497 483 1574 proximo
508 1503 559 1556 arnt
582 1495 709 1555 salubris
732 1513 806 1574 aqua
832 1495 1019 1573 oblongius,
1045 1494 1152 1575 hieme,
1176 1513 1214 1555 ne

159 1606 185 1646 15
200 1583 349 1661 pabulatio
373 1583 450 1643 desit
474 1593 524 1644 ant
547 1583 669 1664 lignum,
693 1602 730 1643 ne
754 1582 861 1644 subitis
884 1582 1110 1661 tempestatibus
1133 1602 1212 1644 cam·

199 1689 265 1750 pus,
288 1672 319 1730 in
344 1688 402 1749 qtro
427 1671 606 1732 manendum
630 1681 684 1752 cst,
708 1671 802 1732 soleat
823 1672 972 1752 inundari,
995 1690 1032 1731 ne
1057 1674 1146 1732 sitin
1165 1671 1214 1733 ab·

199 1760 297 1837 ruptis
320 1777 354 1818 ac
377 1759 473 1820 deuiis
502 1771 533 1821 et
560 1759 849 1821 circumsedentibus
877 1760 1055 1820 aduersariis
1083 1760 1214 1822 diiiicilis

199 1855 369 1925 praestetur
403 1866 555 1929 egressus,
588 1865 625 1908 ne
660 1868 695 1909 ex
724 1847 930 1928 superioribus
958 1849 1030 1909 locis
1059 1851 1149 1910 missa
1177 1849 1213 1910 ab
1287 1857 1288 1904 ἒ

199 1934 335 1996 hostibus
354 1937 385 1996 iu
405 1955 473 1996 eum
492 1937 550 1998 tela
569 1940 756 2017 perueniant.
789 1936 905 2007 Quibus
920 1947 1005 1998 caute
1021 1936 1214 2018 studioseque

160 2049 186 2088 so
200 2026 338 2104 prouisis,
364 2043 419 2103 pro
443 2029 620 2088 necessitate
644 2026 703 2087 loci
721 2025 770 2086 uel
790 2026 932 2105 quadrata
951 2025 1000 2087 uel
1018 2026 1146 2088 rotunda
1165 2027 1214 2087 uel

199 2115 315 2192 trigona
339 2112 389 2174 uel
411 2113 537 2194 oblonga
560 2124 657 2176 castra
681 2117 856 2196 constitues,
879 2133 934 2175 nec
954 2113 1073 2175 utilitati
1097 2118 1215 2194 praeiu-
1286 2189 1287 2196 ἵ

199 2201 278 2262 dicat
301 2203 405 2283 forma,
428 2213 527 2265 tamen
550 2202 720 2282 pulchriora
740 2203 905 2264 creduntur
924 2203 1033 2283 quibus
1052 2203 1129 2263 ultra
1149 2203 1214 2264 lati-

140 2331 143 2336 ·
200 2289 312 2350 tudinis
331 2294 460 2371 spatium
480 2293 567 2354 tertia
587 2308 657 2370 pars
675 2290 868 2371 longitudinis
887 2292 1014 2353 additur.
1050 2291 1093 2352 lte
1113 2300 1214 2354 autem

216 2426 250 2480 V.
266 2427 296 2479 b.
353 2426 414 2482 One.
426 2427 499 2481 VlIl.
532 2433 549 2480 3
568 2426 700 2481 statiuam
714 2425 817 2482 sllVP
832 2425 951 2494 stadium
965 2427 996 2480 D
1013 2425 1117 2481 [balius
1129 2429 1215 2498 sculpo

271 2529 342 2598 [uer]
363 2531 486 2586 onesta.
572 2531 733 2587 cornisam
747 2534 856 2586 murato
874 2535 905 2586 n
993 2510 1214 2604 cconnaesseo
1285 2517 1286 2562 l

200 2599 373 2655 confiderem
392 2601 420 2654 P
471 2602 617 2670 occupetis
631 2604 681 2656 sut
699 2603 735 2657 ad
755 2603 801 2657 aP
863 2608 896 2658 10
914 2601 1021 2675 legere]
1042 2604 1153 2674 elegere
1174 2604 1212 2674 P¹

199 2669 304 2740 eligere
322 2671 389 2742 DP2
464 2677 496 2725 11
517 2672 616 2727 melior
633 2690 689 2729 non
707 2673 792 2743 pollii
810 2677 840 2728 Π
918 2680 950 2728 12
970 2675 1006 2730 ab
1025 2674 1131 2730 aduert'.
1151 2677 1217 2730 th

199 2742 235 2797 ad
254 2741 359 2798 eduens.
379 2746 409 2796 H
433 2743 494 2815 [ab]
514 2744 577 2799 edu.
597 2764 616 2798 α
640 2746 684 2810 (c'n
702 2745 729 2799 G
746 2761 834 2814 supra
851 2746 957 2802 ,tineam
979 2747 1073 2813 prim
1096 2747 1216 2813 sonasse

198 2831 284 2869 atauo
306 2814 343 2868 sb
366 2815 492 2870 additum
515 2817 565 2882 est)
652 2821 685 2868 13
705 2813 866 2870 Cauendum
892 2815 1014 2886 quoque]
1039 2816 1216 2872 Cauendum-

199 2889 298 2996 ‘1⁰⁶qu
348 2885 477 2942 morbose
494 2885 536 2958 in]
555 2885 670 2941 morbus
680 2888 699 2940 d
755 2887 866 2957 naut]
887 2886 1038 2942 libentii
1091 2894 1123 2942 1⁶
1142 2905 1179 2943 ne
1193 2909 1216 2944 π

199 3009 233 3062 de
253 3009 305 3077 (De
326 3008 387 3079 (De
462 3015 495 3090 16
518 3009 654 3091 inundare
677 3011 695 3064 d
768 3009 822 3081 [in]
842 3010 970 3092 abruptis
989 3011 1091 3136 an]
1112 3013 1216 3083 abrup-

197 3077 245 3132 cur
255 3079 285 3133 D
358 3084 389 3132 tr
410 3079 501 3134 denus
516 3080 626 3149 (demus
635 3082 676 3152 D)
695 3081 724 3134 et
742 3080 803 3137 sdP
823 3080 915 3135 denus
929 3086 963 3135 ut
980 3085 1011 3136 H
1046 3099 1108 3137 .ne
1128 3084 1216 3154 uulyo

252 3149 406 3203 2011111-
424 3151 470 3204 uel
490 3182 522 3190 -
542 3151 601 3221 uel]
620 3151 677 3205 fine
696 3163 730 3192 '-
749 3151 807 3205 siue
825 3181 861 3192 -
879 3151 938 3206 llus
955 3153 1003 3207 rP
1058 3159 1092 3208 21
1112 3154 1215 3209 conru-

198 3219 295 3275 suera
318 3219 491 3274 conusens
506 3221 577 3275 sur
599 3221 800 3277 constituentur
818 3223 857 3293 n,
878 3222 1083 3279 constituuntur
1103 3223 1176 3280 oet.
1283 3213 1284 3254 l

198 3290 380 3361 praeiudicat.
399 3288 501 3346 Forma
510 3291 600 3346 MllL
635 3299 669 3348 22
679 3293 755 3350 ultra
765 3292 942 3365 latipuainit
948 3325 981 3334 -
991 3293 1192 3366 longilludinil'
1198 3299 1217 3351 δ

217 3415 244 3470 S.
263 3418 294 3472 L.
350 3415 414 3470 cnr.
428 3415 507 3498 ,vlu
546 3421 729 3498 ltnepportet
747 3421 778 3472 Π
841 3423 873 3499 13
893 3418 1041 3501 aestatem]
1058 3419 1162 3475 statem
1181 3421 1220 3476 M

271 3493 304 3541 16
324 3486 463 3557 obruptus]
482 3487 606 3556 arruptri
621 3492 652 3543 Π
722 3495 756 3543 23
774 3489 963 3558 longitudinis
977 3489 1103 3562 addatur]
1122 3491 1216 3562 longi-

209 3556 306 3611 udinil
320 3556 432 3612 adamis
446 3557 561 3613 additur
579 3579 598 3612 α
646 3641 661 3669 0
