2604 4082
499 229 559 283 nm
578 230 627 297 111,
647 236 671 284 e.
1047 232 1088 296 nr

89 373 282 452 exploratores
295 375 433 437 noctibus
452 395 540 455 quam
559 377 673 438 diebus.
706 377 780 439 Nam
795 379 1012 458 quodammodo
1026 381 1091 460 ipse

87 463 131 522 sui
147 462 280 540 proditor
298 466 452 525 inuenitur
470 468 555 526 euius
571 465 740 546 speculator
754 467 846 528 luerit
859 467 895 528 ab
910 469 1091 530 aduersariis
1129 545 1137 554 .

89 550 312 628 conprehensus.
352 552 445 614 Primi
473 571 544 632 crgo
572 557 689 632 equites
716 558 775 616 iter
798 558 954 635 arripiant,
984 557 1090 617 deinde

90 638 202 719 pedites,
220 641 421 718 inpedimenta
441 645 579 720 sagmarii
598 643 717 706 calones
737 643 933 722 uelrieulaque
948 646 979 704 in
993 645 1090 706 medio

88 725 280 803 conlocentur,
303 731 344 790 ita
367 737 402 790 nt
424 732 560 808 expedita
579 749 648 810 pars
667 731 800 810 peditum
819 740 850 792 et
868 735 1002 810 equitum
1021 731 1090 793 sub·
1118 747 1131 788 s

90 824 227 892 sequatur.
269 816 344 878 Nam
372 818 592 890 ambulantibus
620 820 770 882 interdum
801 820 920 899 quidem
944 839 961 880 a
984 820 1091 900 fronte,

89 902 132 960 sed
154 904 342 982 frequentius
366 924 382 966 a
406 914 489 986 tergo
513 917 714 987 superuentus
733 910 869 970 insertur.
905 908 1091 970 nlaioribus

87 1009 195 1070 quoque
214 995 281 1071 pari
300 1003 481 1056 armatorum
501 1013 590 1056 manu
608 997 809 1076 inpedimenta
828 997 991 1060 claudenda
1008 1006 1091 1078 sunt5

88 1097 146 1140 nam
171 1081 363 1143 insidiatores
392 1079 579 1145 transuersos
608 1085 782 1164 frequenter
811 1088 973 1148 incursant
1015 1084 1091 1147 lllud

88 1175 174 1229 umen
193 1173 356 1249 praecipue
375 1172 555 1233 seruandum
575 1181 629 1253 est,
648 1182 683 1234 ut
696 1192 731 1234 ea
744 1192 822 1256 pars,
841 1175 876 1235 ad
892 1192 980 1253 quam
996 1174 1131 1236 hostisue

89 1265 224 1320 uenturus
253 1259 400 1338 creditur,
431 1259 575 1340 obpositis
603 1261 772 1322 lectissimis
800 1261 951 1341 equitibus
975 1271 1005 1324 et
1031 1262 1091 1324 leui

87 1354 224 1406 armatura
240 1364 357 1408 necnon
373 1350 461 1410 etiarn
474 1347 626 1428 peditibus
640 1350 800 1428 sagittariis
814 1354 974 1412 muniatur.
1005 1351 1090 1422 Quod

87 1434 108 1490 sl
128 1434 258 1513 undique
278 1436 560 1498 circumfunduntur
582 1440 704 1517 inimici,
728 1438 859 1517 undique
878 1437 988 1499 debent
1006 1457 1091 1516 prae-

88 1529 176 1596 parata
204 1541 273 1584 esse
302 1523 440 1586 subsidia.
481 1524 526 1584 Ne
559 1544 632 1586 uero
659 1528 835 1605 repentinus
862 1525 1008 1588 tumultus
1032 1544 1090 1586 arn-

87 1608 154 1684 plius
173 1619 293 1691 noceat,
317 1621 383 1674 ante
403 1614 611 1675 commonendi
630 1621 701 1676 sunt
719 1615 841 1696 milites,
864 1624 898 1676 ut
917 1616 1011 1694 parati
1030 1616 1130 1680 sintne

87 1699 183 1779 animo,
203 1708 237 1761 ut
261 1717 342 1761 arma
360 1703 390 1762 in
411 1701 546 1763 manibus
570 1702 710 1764 habeant:
739 1705 770 1764 in
793 1706 969 1765 necessitate
994 1703 1091 1765 subita

88 1794 258 1869 conterrent,
277 1791 397 1867 prouisa
416 1808 476 1850 non
495 1789 592 1852 solent
610 1809 676 1852 esse
696 1792 855 1854 formidini.
885 1794 1007 1872 Antiqui
1027 1792 1090 1854 dili-

86 1877 248 1948 gentissime
273 1877 504 1957 praecanebant,
533 1896 571 1941 ne
595 1897 610 1939 a
634 1879 788 1940 calonibus
811 1881 962 1942 interdum
987 1880 1089 1941 uulne-

88 1965 151 2024 ratis
173 1965 324 2026 interdum
348 1966 524 2028 timentibus
547 1976 578 2029 et
601 1971 754 2047 sagmariis
776 1968 904 2030 clamore
929 1969 1091 2048 panetariis

102 2095 132 2150 V.
149 2099 177 2153 L.
213 2099 364 2172 3deinde]
384 2100 482 2155 indes
524 2101 687 2172 tlagmari
707 2103 839 2172 oalondq;
859 2105 890 2156 Π
927 2101 997 2156 oN.
1017 2101 1090 2155 amb.

90 2165 143 2235 [int.
160 2189 185 2239 q.
225 2189 243 2226 a
266 2169 358 2226 fronte
383 2171 460 2243 [Γρᾶ]
479 2172 641 2241 frequenter
658 2177 687 2227 Π
772 2179 788 2227 9
808 2171 984 2227 insidiatores
1003 2171 1090 2224 tranl-

88 2239 172 2292 nerlol'
187 2171 354 2310 irequenter
376 2242 520 2297 incursant
538 2246 569 2296 Π
592 2243 642 2300 ins.
666 2242 838 2298 mutuarint
858 2244 889 2297 lr.
914 2241 1042 2311 expulsat
1060 2242 1091 2308 ὃς

88 2307 149 2365 boae
167 2314 306 2368 lectionem
325 2315 489 2368 correctione
506 2319 531 2368 et
549 2315 737 2369 additamento
755 2315 907 2383 morptoata'
924 2315 963 2367 ad
981 2317 995 2367 t
1018 2315 1091 2367 codi-

89 2395 140 2435 cum
156 2387 324 2454 scripturam
342 2383 505 2453 (impulsent
519 2385 557 2454 P)
576 2387 720 2440 reuocauit
732 2385 761 2438 P
776 2383 825 2440 inl.
844 2383 874 2439 in
893 2383 950 2440 alio
968 2384 1031 2438 loeo
1051 2385 1091 2437 in·

89 2485 187 2564 purnes
203 2488 377 2544 transuersos
390 2489 554 2558 frequenter
566 2490 675 2563 incursa
689 2461 755 2557 cd*
765 2491 802 2562 m
812 2511 831 2544 a
848 2489 897 2545 inl.
912 2488 942 2543 in
957 2489 1014 2572 apo
1028 2488 1091 2546 1000

88 2559 222 2636 mpnllant
238 2559 408 2614 transuersos
423 2559 585 2630 frequenter
607 2562 781 2616 incursanti
805 2560 885 2616 insul.
904 2561 934 2615 in
952 2559 1091 2645 ahoulooo

89 2630 222 2705 mpnll'ant
234 2630 388 2714 banlnerlo
403 2631 564 2700 frequentor
576 2632 687 2687 incursu
701 2634 885 2702 (inserendum
898 2633 954 2699 sctit
969 2633 1019 2686 alu
1029 2638 1093 2702 post

89 2697 270 2843 aldim
288 2700 500 2854 litem
519 2702 1096 2857 retinuimus[melincta

88 2840 127 2893 tnr
144 2845 173 2896 11
241 2849 273 2897 16
291 2861 309 2898 1.
328 2862 355 2898 n.
375 2842 466 2898 lubria
484 2846 644 2900 conterrent
658 2847 676 2900 d
692 2864 711 2902 1.
729 2863 757 2902 n.
776 2845 795 2899 l.
814 2859 886 2913 qnae
905 2844 1091 2898 conterrents

90 2960 104 3016 i.
116 2980 138 3016 u.
154 2965 171 3021 l.
186 2983 259 3036 quae
273 2969 381 3022 terrent
394 2969 478 3036 aetqo
527 2967 733 3024 Neuecellitate
744 2917 935 3036 (bf-‘necem
951 2965 1092 3092 QAlnbita

90 3039 290 3092 conteneantur
321 3040 475 3093 -terrantur
490 3037 553 3108 ΟΜ
571 3055 607 3093 ne
625 3038 788 3094 neceffitate
806 3037 897 3092 subita
916 3053 967 3092 oon
994 3053 1092 3092 ernan-

90 3104 128 3158 tnr
145 3111 174 3162 Π
189 3109 219 3163 in
237 3125 306 3163 neos
332 3109 432 3164 itatem
451 3108 543 3164 lubitu
562 3125 617 3178 que
635 3112 743 3164 terrent
756 3110 791 3180 P,
812 3125 848 3164 ns
866 3107 1057 3164 nocellitatem
1072 3106 1091 3161 l.

91 3191 113 3240 q.
128 3181 285 3234 terreantur
294 3179 330 3250 P,
369 3186 402 3234 17
421 3179 539 3250 prouisa.
568 3181 631 3235 Non
646 3184 714 3251 (nou
729 3179 762 3250 Q)
778 3184 820 3234 m
859 3186 891 3235 18
911 3195 946 3234 ue
965 3179 1049 3234 scal.
1064 3179 1095 3231 H

106 3297 129 3354 S.
146 3300 175 3359 L.
244 3308 258 3356 1
279 3303 498 3374 quodammodo]
518 3303 713 3373 quodadmodo
732 3304 759 3358 α’
833 3309 849 3357 2
868 3300 1008 3374 proditor]
1027 3316 1089 3368 pro·

92 3367 163 3426 detur
179 3374 215 3428 M
231 3373 360 3444 proditur
377 3376 415 3444 A,
478 3380 494 3428 3
513 3374 727 3444 comprehensus
741 3377 770 3432 Π
831 3381 848 3429 4
866 3371 1009 3444 impedim.
1028 3374 1060 3425 Π

92 3441 223 3515 uehicula]
242 3443 397 3500 nllahioula
412 3445 450 3500 M
465 3444 659 3517 ulehioulaA,
700 3444 878 3516 timpedim.
893 3446 925 3499 Π
959 3449 991 3498 11
1007 3459 1094 3513 oppo-

92 3507 144 3589 sitis
157 3516 220 3570 ΜΠ
304 3522 337 3571 17
356 3515 478 3588 antiqui]
499 3517 587 3584 antiq.
606 3517 644 3572 Μ
728 3515 952 3638 diligentissima
974 3513 1093 3597 diligen·

92 3581 177 3640 ammi
195 3585 232 3657 A,
311 3591 344 3641 1s
364 3585 523 3658 calonibus]
543 3587 691 3643 colonibus
704 3586 731 3642 α’
806 3593 839 3642 19
857 3586 930 3655 pabo
943 3584 1016 3641 setis
1030 3584 1057 3638 α’
