2604 4082
547 823 743 894 LIBER
783 820 848 894 ΙΙΙ.

645 979 751 988 Μ-ι

284 1107 478 1168 Athenienses
502 1115 531 1166 et
550 1105 797 1166 Lacedaemonios
822 1113 889 1165 ante
909 1105 1084 1165 Macedonas
1103 1122 1209 1164 rerum

193 1198 303 1275 potitos
326 1197 418 1274 prisci
442 1195 581 1255 locuntur
604 1193 732 1254 annales.
780 1193 888 1254 Verum
912 1193 988 1271 apud
1008 1192 1208 1253 Athenienses

194 1304 253 1345 non
277 1285 371 1346 solum
390 1285 435 1344 rei
454 1283 576 1344 bellicae
596 1283 648 1343 sed
668 1285 756 1342 etiam
775 1282 962 1342 diuersarum
981 1283 1091 1342 artium
1111 1283 1209 1360 uiguit

193 1373 352 1454 industria,
376 1373 616 1433 Lacedaemoniis
647 1379 746 1432 autem
774 1372 932 1449 praecipue
961 1371 1018 1431 luit
1045 1387 1117 1430 cura
1144 1369 1207 1430 bel-

164 1461 297 1523 slorum.
340 1461 433 1521 Primi
461 1461 589 1540 denique
618 1462 819 1538 experimenta
843 1477 1008 1538 pugnarum
1033 1457 1069 1518 de
1093 1461 1208 1518 eueuti-

193 1551 249 1612 bus
269 1549 442 1627 colligentes
457 1559 550 1609 artem
565 1547 747 1626 proeliorum
763 1549 919 1627 scripsisse
939 1547 1095 1608 firmantur
1110 1565 1207 1626 usque

194 1658 242 1718 eo,
261 1646 377 1698 utrem
396 1637 567 1716 militarent,
587 1656 662 1716 quae
681 1639 794 1697 uirtute
814 1636 874 1696 sola
894 1635 943 1696 uel
965 1644 1045 1696 certe
1065 1634 1206 1696 felicitate

194 1727 327 1788 creditur
350 1728 509 1805 contineri,
533 1725 568 1785 ad
593 1725 779 1803 disciplinam
798 1727 982 1803 peritiaeque
1002 1724 1100 1784 studia
1119 1742 1206 1784 reuo-

194 1823 296 1876 carent
319 1833 353 1876 ae
372 1817 528 1893 magistros
548 1833 711 1894 armorum,
731 1832 806 1892 quos
830 1816 953 1875 tacticos
972 1811 1208 1892 appellauerunt,

155 1925 180 1964 10
194 1906 382 1964 iuuentutem
406 1922 489 1963 suam
512 1921 599 1964 usum
624 1904 859 1981 uarietatemque
885 1900 1036 1980 pugnandi
1055 1902 1207 1980 praecipe-

194 2000 262 2053 rent
285 1991 419 2053 edocere.
461 1991 485 2052 0
509 1994 592 2053 uiros
616 2009 730 2052 summa
751 1991 945 2051 admiratione
964 1988 1136 2069 laudandos,
1156 1991 1209 2069 qui

194 2099 257 2142 eam
282 2083 440 2160 praecipue
469 2087 563 2141 artem
591 2079 725 2140 ediscere
753 2078 927 2159 uoluerunt,
955 2080 1019 2138 sine
1052 2095 1109 2157 qua
1133 2077 1209 2138 aliae

194 2177 272 2230 artes
292 2188 435 2230 essenon
454 2167 591 2248 possunt!
615 2168 728 2229 Horum
749 2176 908 2247 sequentes
927 2169 1062 2227 instituta
1083 2166 1210 2227 Romani

194 2259 292 2319 Martii
315 2261 415 2338 operis
437 2252 595 2337 praecepta
619 2265 649 2318 et
672 2275 728 2317 usu
751 2259 941 2317 retinuerunt
959 2265 989 2316 et
1007 2254 1115 2317 litteris
1138 2274 1206 2335 pro-

155 2367 180 2406 15
195 2347 344 2409 diderunt.
386 2346 466 2416 Quae
490 2364 544 2425 per
568 2346 704 2406 diuersos
728 2353 864 2406 auctores
888 2344 1039 2422 librosque
1063 2343 1208 2424 dispersa,

194 2436 355 2514 imperator
374 2436 500 2513 inuicte,
519 2434 754 2495 mediocritatem
773 2451 868 2494 meam
888 2432 1063 2494 abbreuiare
1082 2434 1208 2513 iussisti,

194 2542 231 2583 ne
256 2521 305 2582 uel
323 2522 473 2583 fastidium
493 2529 667 2582 nasceretur
686 2541 722 2582 ex
741 2521 876 2602 plurimis
898 2521 947 2583 uel
966 2521 1120 2601 plenitudo
1140 2520 1209 2582 fidei

195 2610 314 2671 deesset
340 2613 371 2670 in
397 2612 508 2689 paruis.
555 2609 705 2680 Quantum
733 2618 833 2671 autem
860 2613 892 2671 in
918 2609 1040 2690 proeliis
1064 2607 1211 2670 Lacedae-

212 2781 245 2834 V.
265 2781 293 2835 L.
356 2780 557 2836 lmaeedones
572 2783 602 2834 H
658 2782 845 2848 eloquuntur
863 2799 884 2834 π
946 2781 1022 2836 3rei
1040 2780 1210 2850 publicae&

248 2858 264 2906 t
284 2851 416 2923 denique]
436 2868 556 2920 namque
575 2853 659 2921 uolpo
721 2853 755 2907 de
775 2852 879 2923 cuent]
898 2851 933 2906 de
953 2850 1103 2906 edentibus
1117 2852 1153 2906 A*

196 2929 211 2977 7
231 2922 289 2977 iola
307 2939 339 2978 ee
360 2923 461 2994 [certe]
481 2923 553 2978 felic.
574 2925 603 2976 H
633 2935 636 2942 ·
656 2929 672 2977 8
691 2921 880 2992 disciplinaei
934 2923 1093 2978 reuocarint
1113 2924 1160 2977 eP

80 3016 86 3030 ·
197 2999 230 3047 10
248 2993 443 3063 praeciperent
462 2996 513 3062 pH
533 2991 723 3064 praeciperint
737 2995 772 3047 A’
790 2993 986 3064 praeceperint
1000 2994 1047 3047 aP
1090 2999 1123 3046 11
1144 2994 1212 3048 edo-

196 3062 252 3118 ceri
272 3065 318 3117 ‹lP
412 3064 534 3136 epiros]
559 3062 622 3132 quis
641 3081 698 3118 non
720 3064 801 3119 bosi
881 3069 913 3118 13
935 3061 1107 3136 [sequentes]
1129 3066 1160 3117 Π

197 3138 231 3188 14
249 3133 360 3189 ulumt
423 3135 561 3190 retinuere
581 3137 612 3187 H
678 3141 710 3190 1e
729 3135 894 3191 abbreuiere
914 3138 944 3189 H
963 3132 1127 3190 adbreuiare
1147 3137 1216 3190 edP

250 3210 283 3260 18
302 3205 419 3277 deesset]
440 3205 603 3260 deficeretur
620 3207 678 3272 (aed
697 3223 712 3260 o
730 3208 749 3261 i.
769 3208 787 3262 l.
806 3211 856 3276 er.)
873 3208 905 3259 H

214 3364 240 3419 S.
260 3365 291 3418 L.
349 3365 571 3434 lmachedonai
587 3367 684 3439 (--q-
705 3365 809 3435 (ime
882 3364 1036 3436 upotitol]
1056 3363 1155 3434 potius
1172 3366 1199 3418 A

189 3469 191 3476 ι
267 3433 540 3492 tlaehedaemoniis
556 3436 594 3490 M
658 3436 808 3508 iuirtute]
828 3434 934 3494 uirtute
954 3435 991 3508 A,
1065 3440 1098 3490 10
1117 3403 1215 3506 usnml

196 3505 245 3559 uin
263 3526 282 3576 μ
361 3513 392 3561 11
413 3505 608 3562 ammiratione
627 3509 658 3562 H
734 3507 904 3579 laudandos]
924 3505 1082 3562 landandus
1097 3505 1136 3577 Al

197 3582 230 3631 14
249 3577 347 3632 marcii
365 3579 403 3634 M
472 3582 505 3633 18
523 3577 797 3634 lachedemoniornm
818 3579 855 3633 Μ
