2604 4082
207 205 250 269 66
618 206 680 264 Lib.
699 207 748 275 Ill,
768 213 791 260 1.

208 354 280 417 tudo
305 353 435 416 collecte.
476 353 572 414 Huius
600 355 706 416 modus
730 372 746 413 a
769 356 918 432 magistris
948 357 1102 435 quaeritur
1125 373 1223 416 ermo-

162 462 165 470 ·
208 462 284 505 rum.
321 443 395 504 Nam
410 461 478 504 oum
493 441 599 504 Xerxis
614 451 645 519 et
658 442 738 504 Darii
753 452 783 503 et
796 442 976 504 Mithridatis
991 451 1224 523 oeterorumque

208 550 327 612 regum,
356 535 407 612 qui
434 531 667 592 innumerabiles
700 539 890 592 armauerent
920 531 1061 612 populos,
1089 532 1226 612 exempla

208 620 397 702 releguntur,
425 620 580 680 euidenter
609 627 731 699 apparet
759 621 883 680 nimium
913 622 1048 700 copiosos
1072 623 1225 682 exereitus

180 711 300 788 omagis
329 711 449 789 propria
478 707 667 769 multitudine
698 725 787 788 quem
809 707 939 768 bostium
963 711 1076 769 uirtute
1099 709 1224 788 depres-

208 815 264 858 sos
303 797 376 858 Nam
400 795 536 876 pluribus
556 797 674 858 casibus
697 795 830 857 subiacet
848 795 973 876 amplior
992 796 1167 878 multitud03
1192 801 1224 858 iu

207 886 365 947 itineribus
395 903 449 964 pro
478 885 555 945 mole
584 903 636 946 sue
665 903 783 964 semper
811 892 856 945 est
883 885 1009 967 tardior,
1031 888 1062 945 in
1086 884 1225 964 longiore

208 981 307 1035 autem
337 976 453 1053 agmine
482 976 568 1034 etiam
597 992 613 1033 a
641 974 743 1051 paneis
771 983 987 1051 superuentum
1010 973 1123 1034 adsolet
1147 978 1226 1056 pati3

208 1066 237 1123 in
262 1063 335 1122 loeis
359 1069 457 1122 autem
482 1064 596 1140 asperis
618 1061 668 1122 uel
691 1061 863 1122 fluminibus
886 1061 1077 1123 transeundis
1097 1071 1227 1142 propter

168 1166 195 1206 10
209 1151 479 1229 inpedimentorum
503 1168 601 1210 moras
625 1168 713 1230 saepe
738 1149 899 1232 deeipitur5
929 1157 1083 1228 praeterea
1106 1152 1227 1229 ingenti

207 1237 308 1299 labore
333 1240 499 1299 numerosis
528 1237 702 1300 animalibus
726 1240 871 1317 equisque
899 1238 1006 1318 pabule
1030 1238 1225 1317 colliguntur.

207 1327 262 1387 llei
285 1345 404 1408 quoque
431 1327 642 1387 frumentariae
672 1325 844 1406 difficultas,
874 1345 948 1405 quae
972 1330 1004 1387 in
1028 1330 1108 1388 omni
1133 1346 1226 1408 expe·

207 1416 321 1476 ditione
343 1414 463 1476 uitanda
492 1422 550 1494 est,
578 1417 637 1475 cito
666 1417 793 1474 maiores
820 1415 923 1494 fatigat
946 1418 1104 1476 exereitus.
1147 1416 1226 1477 Nam

208 1503 392 1583 quantolibet
411 1502 510 1563 studio
529 1510 724 1582 praeparetur
743 1521 871 1582 annone,
890 1512 972 1564 tanto
988 1505 1134 1565 maturius
1150 1505 1225 1565 deli·

167 1607 193 1648 xo
208 1595 262 1673 eit,
285 1599 395 1670 quanto
418 1589 555 1670 pluribus
579 1598 726 1669 erogatur.
768 1591 851 1671 Aqua
875 1591 1003 1670 denique
1027 1594 1090 1671 ipsa
1110 1595 1225 1654 nimiae

208 1678 390 1741 multitudini
414 1678 569 1758 aliquando
589 1682 638 1740 uix
659 1679 777 1739 suffieit.
819 1678 904 1749 Quod
924 1682 949 1740 si
964 1699 1034 1740 casu
1049 1683 1130 1741 acies
1154 1701 1226 1742 uer-

207 1771 300 1830 terint
318 1775 444 1848 tergum,
463 1785 585 1828 neeesse
605 1775 650 1828 est
670 1767 778 1829 multos
797 1767 902 1829 eadere
925 1768 960 1830 de
981 1768 1081 1830 multis
1101 1776 1133 1829 et
1147 1769 1227 1851 illos,

206 1859 259 1937 qui
287 1856 458 1936 effugerint,
487 1864 521 1916 ut
549 1855 639 1916 semel
672 1858 793 1916 territos
827 1865 929 1936 postea
960 1857 1122 1918 formidare
1152 1877 1226 1919 eon·

207 1945 330 2005 flietum.
371 1943 493 2004 Veteres
517 1952 629 2026 autem,
654 1946 705 2022 qui
728 1944 858 2004 remedia
877 1945 1083 2006 difficultatum
1104 1950 1226 2025 experi-
1287 1957 1288 2019 l

166 2049 194 2090 ao
208 2034 316 2094 mentis
336 2032 510 2112 didicerant,
529 2051 588 2093 non
608 2040 667 2094 tam
688 2050 863 2094 numerosos
878 2053 966 2113 quam
981 2034 1114 2095 eruditos
1130 2039 1227 2097 ermis

207 2125 356 2183 exereitus
370 2121 480 2182 babere
495 2121 665 2182 uoluerunt.
689 2120 793 2199 ltaque
806 2124 837 2181 in
852 2120 1015 2183 leuioribus
1031 2121 1115 2183 bellis
1132 2142 1227 2184 unum

206 2210 354 2288 legionem
377 2210 477 2270 mixtis
500 2208 630 2288 auxiliis,
653 2209 710 2268 boe
733 2218 780 2269 est
805 2209 907 2270 decem
930 2210 1009 2271 milia
1032 2212 1169 2291 peditum
1196 2225 1228 2274 et
1286 2247 1287 2289 p

206 2297 359 2359 duomilia
374 2300 517 2379 equitum,
527 2297 719 2358 erediderunt
732 2315 820 2376 posse
836 2299 983 2380 suilieere,
994 2317 1082 2378 quam
1097 2318 1226 2361 manum

223 2467 257 2521 V.
276 2467 307 2522 L.
382 2464 499 2520 lhuiul'
517 2466 619 2547 modus
633 2465 698 2520 A'n'
722 2465 770 2548 hie¹
791 2485 828 2520 m.
852 2467 903 2536 μΡ
924 2467 989 2545 huie
1008 2487 1044 2522 m.
1064 2469 1156 2552 uolgo·
1285 2527 1286 2561 p

205 2538 370 2690 terunt
391 2539 444 2660 ¹²01
461 2535 1228 2690 Mpggf„gaserfgfflffppsmqggqpsg

205 2681 237 2732 Π
251 2679 286 2732 ob
305 2679 364 2733 alen
381 2694 467 2732 manu
488 2683 621 2747 emplum
643 2678 675 2733 im
698 2679 755 2732 loeo
773 2684 846 2746 tum,
865 2696 927 2734 eum
945 2681 1078 2735 lebrariue
1094 2683 1154 2736 eod.
1176 2701 1226 2739 ex-

204 2751 316 2814 arebat,
340 2764 429 2804 naono
456 2749 561 2816 relicto)
582 2768 604 2802 π
631 2747 812 2803 millridretil'
832 2749 859 2803 A
884 2750 1095 2808 mi{lridretif
1116 2751 1143 2806 G

204 2820 407 2901 diegunturd
461 2819 613 2892 [copiosos]
633 2821 665 2872 Π
722 2825 755 2876 14
773 2821 982 2887 quantumlibet
1000 2823 1047 2876 dP
1060 2823 1146 2892 uulgo

204 2890 295 2945 ltudxo
308 2891 418 2961 praep]
432 2889 524 2945 studio
538 2889 681 2960 separetur
689 2888 756 2960 (ose
768 2907 833 2958 per-
847 2890 883 2956 Vt
897 2893 930 2945 in
941 2891 1035 2947 P-ole
1043 2893 1076 2947 in
1088 2893 1106 2947 1.
1117 2895 1169 2963 er.)
1179 2897 1231 2950 dP

105 2961 109 2968 '
204 2959 323 3016 l'tndioi'e
341 2963 524 3031 praeparetur
541 2962 626 3030 ιιαῑρο
710 2966 743 3014 14
761 2961 879 3014 defitA’
965 2968 998 3017 lb
1016 2962 1103 3017 nimie
1121 2967 1229 3020 multi-

203 3031 339 3086 ludiued
393 3036 426 3085 16
444 3030 521 3086 ecies
535 3030 599 3086 euiu
617 3032 648 3083 H
696 3035 729 3086 18
746 3031 889 3102 ueI[ut]d
946 3039 980 3088 20
1000 3031 1114 3105 [ermis]
1133 3038 1228 3107 uulgo
1283 3053 1284 3105 3

222 3171 250 3226 S.
269 3171 301 3226 L.
356 3176 372 3224 3
387 3170 516 3240 exempla
528 3172 704 3243 releguntur]
720 3173 863 3242 exemplar
877 3174 1026 3244 elegantur
1039 3174 1116 3244 (elig.
1129 3177 1185 3248 M)
1197 3181 1228 3233 α’

248 3239 436 3313 texereitul]
457 3241 543 3297 -ο1α’
594 3242 751 3314 beelibul]
770 3242 892 3298 cambus
906 3245 935 3298 A
985 3245 1182 3316 llongiorem
1197 3253 1228 3304 α’

249 3319 283 3368 10
302 3311 571 3384 inpedimentorum]
590 3313 791 3384 impeditorum
809 3316 840 3367 H
892 3321 923 3370 11
945 3315 1088 3387 equisque]
1107 3312 1229 3388 eequis·
1282 3325 1283 3376 l

203 3433 314 3487 quaen
361 3424 403 3501 Ιιε
422 3418 551 3502 nunqu]
572 3389 692 3486 aaziae
706 3420 769 3502 aa·
796 3426 829 3476 ιε
848 3420 996 3546 uemmpp
1013 3423 1160 3479 uenerant
1174 3428 1229 3496 Αμ

250 3493 282 3542 18
301 3488 428 3584 temtos]
449 3489 565 3544 temtus
578 3491 615 3561 Δ1
687 3489 861 3562 conflictum]
880 3491 964 3546 confla
995 3510 1013 3547 n
1028 3496 1056 3546 Π
1119 3500 1154 3549 21
1178 3513 1229 3552 ex-

203 3558 321 3630 ereitus]
341 3558 386 3615 -ol
400 3579 419 3614 α
499 3561 595 3633 unam]
614 3560 705 3615 uriam
724 3559 763 3614 M
936 3615 942 3626 ,
1281 3597 1282 3647 p

1277 3959 1280 4045 l
