2604 4082
469 234 684 304 numen
1040 238 1081 304 w

76 384 231 442 exercitum
243 382 277 441 ad
288 382 463 443 modestiam
473 382 556 443 labor
567 390 596 444 et
611 401 684 444 usus
694 385 833 465 instituit,
848 386 996 466 quamtis,
1008 405 1081 467 quo-

74 488 134 530 rum
153 470 262 530 milites
276 471 311 531 ad
328 471 545 532 oboedientiam
560 472 775 552 suppliciorum
792 473 916 533 sormido
932 475 1080 554 conpellit.

154 557 184 619 V.
204 558 297 620 blulta
312 559 433 638 quidem
451 569 522 620 suut
541 560 663 621 dicenda
684 568 772 640 atque
788 560 974 623 obseruanda
1003 585 1167 628 smanan-

73 647 275 726 pugnantibus,
287 647 435 727 siquidem
446 648 526 709 nulla
541 651 579 709 sit
597 648 801 728 neglegentiae
816 653 912 731 nenia,
923 630 1187 715 nbiieiiss‘ffl'm'm‘

74 735 105 793 de
119 735 209 795 saltrte
225 744 368 798 certatur.
412 736 470 796 Sed
485 739 564 797 iuter
578 737 694 816 reliqua
713 737 786 798 nibil
810 741 903 817 tnagis
926 738 962 799 ad
986 741 1106 800 uicto-⁵

73 826 138 883 tiam
150 825 271 902 prolicit
287 841 375 904 quam
388 827 510 886 monitis
525 824 731 906 obtemperare
743 829 903 905 signorum.
929 827 1081 888 Nemeum

73 929 137 971 uoce
152 911 213 972 sola
229 915 309 973 inter
324 913 506 992 proeliorum
526 913 670 974 tumultus
685 917 749 993 regi
764 914 922 975 multitudo
938 934 996 975 non
1012 935 1079 996 pos·

73 1002 105 1059 sit
123 1013 151 1062 et
169 1019 239 1060 cum
259 1019 314 1080 pro
333 1003 511 1062 necessitate
535 1019 636 1062 rerum
651 1001 735 1080 plura
750 1021 786 1062 ex
800 1012 935 1083 temporo
949 1003 1077 1065 iubenda

73 1085 150 1167 atque
168 1089 307 1150 socienda
327 1092 395 1171 sint,
414 1093 555 1170 antiquus
570 1092 702 1151 omnium
718 1094 850 1170 gentium
865 1111 939 1153 usus
954 1095 1079 1174 inuenit,

73 1177 211 1254 quomodo
237 1178 316 1256 quod
341 1178 422 1239 solus
445 1177 506 1239 dux
530 1179 602 1240 utile
628 1178 790 1240 iudicasset
812 1199 866 1258 per
890 1183 972 1259 signa
997 1189 1078 1243 totus
1093 1199 1119 1237 to

73 1274 239 1342 agnosceret
254 1273 286 1326 et
299 1274 478 1346 sequeretur
492 1269 651 1328 exercitus.
686 1267 756 1327 Tria
771 1269 871 1346 itaque
886 1287 995 1347 genera
1010 1288 1079 1331 con-

73 1360 122 1414 stat
139 1371 206 1414 esse
228 1357 392 1434 signorum,
411 1355 525 1416 uocalic
545 1355 735 1416 semiuoealia
754 1365 843 1416 muta.
876 1355 1010 1426 Quorum
1026 1377 1078 1418 uo-

73 1441 135 1502 calia
157 1452 188 1503 et
213 1443 405 1503 semiuocasia
429 1445 637 1523 percipiuntur
661 1443 798 1523 auribus,
824 1453 906 1505 mttta
934 1462 1008 1505 uero
1033 1463 1078 1505 re-

72 1529 200 1591 seruntur
226 1530 263 1591 ad
288 1531 398 1592 oottsos.
442 1531 558 1592 Vocalia
581 1531 723 1593 dicuntur
747 1550 822 1611 quac
846 1550 921 1593 ttocc
951 1532 1079 1594 bumana

71 1621 311 1699 pronuntiantur,
339 1621 419 1680 sicut
445 1622 475 1679 in
503 1619 614 1698 uigiliis
642 1620 692 1682 uel
719 1623 750 1681 in
777 1620 890 1700 proelio
914 1639 969 1701 pro
993 1623 1077 1702 signo
1093 1639 1118 1680 15

71 1705 178 1782 dicitnr,
200 1715 328 1786 utputa
347 1703 496 1769 ‘uictoria'
516 1703 636 1787 ‘palma'
657 1703 778 1769 ‘uirtus'
801 1705 891 1770 ‘Deus
911 1707 1079 1772 uobiscum'

71 1788 246 1876 ‘triumphus
266 1791 467 1875 imperatoris'
487 1806 517 1857 et
536 1796 606 1877 alia,
629 1815 835 1877 quaecumque
854 1796 985 1860 uoluerit
1008 1799 1079 1860 dare

71 1884 99 1960 is,
121 1887 223 1963 quiin
244 1887 377 1944 exercitu
397 1883 488 1945 babet
511 1888 668 1946 maximam
691 1894 877 1965 potestatem.
916 1887 1078 1950 Sciendum

23 1967 24 1972 ’
73 1978 159 2032 tamen
184 1979 234 2034 est
256 1975 314 2032 ista
337 1972 484 2034 uocabula
507 1974 616 2034 cotidie
640 1973 750 2035 debere
769 1977 888 2056 nteriori,
908 1993 946 2034 ne
965 1995 1001 2036 ex
1020 1994 1077 2037 usu

72 2060 179 2136 signum
202 2061 308 2121 hostes
332 2072 494 2139 agnoscant
517 2070 548 2122 et
567 2061 754 2141 explorantes
773 2065 852 2124 iuter
871 2071 990 2123 nostros
1011 2082 1077 2124 uer-
1092 2083 1119 2122 ao

24 2175 25 2180 1
72 2156 166 2210 sentur
185 2150 309 2229 inpune.
344 2147 540 2213 Semiuocalia
559 2159 630 2210 sunt
644 2169 720 2229 quae
734 2169 789 2230 per
802 2149 904 2210 tubam
919 2160 970 2210 aut
985 2169 1078 2211 cornu

23 2231 24 2244 ¹
72 2244 115 2295 aut
127 2237 268 2298 bucinam
283 2237 407 2318 dantur3
422 2237 493 2298 tuba
508 2258 584 2317 quae
599 2240 712 2300 directa
722 2237 956 2317 estappellatur3
972 2237 1082 2299 bucina

73 2339 138 2400 quae
160 2328 192 2386 in
218 2337 313 2386 semet
336 2344 425 2386 aereo
445 2327 557 2387 circulo
575 2326 720 2406 flectitur3
744 2344 837 2386 cornu
857 2325 936 2405 quod
955 2345 992 2386 ex
1015 2329 1078 2387 uris

73 2413 242 2495 agrestibus
262 2421 386 2492 argento
406 2432 526 2497 nexum,
544 2421 742 2495 temperatum
762 2423 824 2475 erte
845 2415 1012 2495 spirituque
1032 2433 1077 2476 ce·

85 2561 113 2620 V.
130 2566 160 2622 L.
201 2565 376 2620 lexercitns
390 2568 475 2637 culpo
515 2566 671 2622 iiormido
695 2566 783 2638 suppl.
803 2567 850 2623 dP
888 2585 940 2622 oon
963 2568 1032 2622 ellat
1050 2570 1077 2622 α’

133 2635 195 2692 One.
205 2637 240 2691 V.
270 2643 286 2692 3
302 2637 422 2694 dicende
431 2638 467 2692 A’
482 2637 613 2693 discendo
623 2639 674 2708 μΠ
690 2637 838 2693 ediscenda
852 2640 892 2708 (et
907 2586 971 2695 diii.
985 2639 1024 2709 V)
1036 2640 1082 2695 dP

133 2712 150 2762 4
167 2708 368 2778 neglegentiae
387 2710 436 2777 pn'
460 2707 653 2776 negligentiae
675 2709 702 2762 P
723 2708 916 2782 negligentiae
934 2709 963 2763 A
982 2711 1077 2778 negle-

71 2777 174 2842 gcniiG
212 2777 583 2848 9antiquus]entiquitesll
619 2779 949 2904 13[etp)semiuocaliell
979 2784 1012 2832 16
1022 2778 1075 2832 uic·

71 2845 149 2902 toriae
168 2850 211 2918 (-o.
229 2865 298 2904 corr.
313 2851 345 2903 iu
358 2865 381 2902 ae
396 2851 461 2919 φλ
508 2856 540 2904 19
554 2849 660 2904 cariori
674 2850 707 2904 de
729 2866 776 2905 ore
790 2853 821 2904 Π
864 2857 898 2904 20
914 2848 967 2922 [et]
983 2849 1077 2918 explo-

71 2919 193 2973 mutelli
200 2921 230 2974 et
240 2919 432 2990 exploratores
437 2920 522 2989 culpo
553 2925 587 2974 21
598 2921 698 2992 cornu]
709 2936 835 2976 cornuae
873 2924 908 2973 22
918 2918 1078 2990 appelletur

72 2985 171 3046 bucino,
192 3005 265 3059 quae
282 2993 314 3043 Π
383 2995 417 3045 23
437 2990 535 3061 semet]
555 2990 573 3046 s.
592 2989 653 3060 ipsc
671 2995 699 3044 Π
761 2989 896 3060 flectitur]
915 2989 941 3044 fl.
961 2991 1031 3044 tube
1049 2994 1079 3044 H

133 3101 167 3149 24
185 3112 307 3152 nexuum
328 3073 416 3165 (eim
435 3097 471 3168 Q)
490 3101 504 3151 t
571 3097 731 3166 temperati
749 3097 810 3151 erte
829 3095 1013 3186 spiritumque
1033 3114 1076 3152 ce·

71 3191 275 3206 Q·—

87 3233 109 3286 Β.
127 3236 156 3290 L.
231 3236 431 3307 lexeroitum]
457 3238 609 3292 exercitam
628 3241 657 3290 ll
733 3236 959 3311 iobpdientium
978 3241 1008 3291 Π

73 3307 209 3375 compellit
225 3309 257 3361 Π

93 3437 96 3444 ,
134 3377 194 3431 Gna.
214 3377 248 3431 V.
286 3383 319 3431 11
339 3377 514 3449 agnosceret]
535 3377 733 3448 agnosceretur
751 3381 782 3432 Π
852 3384 885 3433 te
904 3378 1075 3449 reseruntur]

73 3453 227 3514 repetuntur
246 3449 278 3502 H
349 3454 381 3502 tt
399 3447 430 3502 in
448 3449 570 3519 proelio]
588 3449 618 3502 in
636 3449 747 3530 proelia
764 3449 793 3504 A
858 3454 891 3502 18
908 3449 947 3519 is]
967 3447 1014 3501 his
1029 3452 1079 3502 αΠ

134 3519 269 3590 exercitu]
289 3519 411 3574 exercito
431 3519 469 3572 Μ
523 3525 555 3573 19
575 3521 693 3574 cottidie
714 3520 760 3590 Gn
814 3525 849 3574 20
867 3518 1072 3589 ugnuscontA1

135 3595 166 3643 21
184 3591 301 3659 impune
319 3592 350 3642 Π
420 3594 454 3643 22
470 3589 553 3686 pube]
572 3590 656 3645 turbu
675 3591 712 3660 ll¹
