2604 4082
487 218 547 273 Lib.
567 217 616 286 Ill,
636 224 661 274 8.
990 255 994 264 ·
1038 217 1080 282 85

81 365 224 428 uidebatur
246 373 278 427 in
303 367 432 446 speculis
457 366 612 445 uigilantes
637 367 770 445 singulos
793 383 983 446 permanere,
1014 365 1081 427 ideo

80 457 105 513 in
126 464 260 533 quattuor
284 464 384 534 partes
409 455 444 516 ad
469 454 652 534 clepsydram
677 463 747 516 sunt
766 454 879 516 diuisae
897 454 1026 536 uigiliae,
1048 467 1082 516 ut

79 562 128 604 non
150 544 274 624 amplius
299 563 387 623 quarn
407 543 505 605 tribus
523 543 605 604 horis
624 545 781 604 nocturnis
800 561 923 604 necesse
950 546 988 604 sit
1007 546 1081 624 uigi-

79 631 136 692 lare.
175 634 197 692 Α
226 633 361 694 tubicine
389 651 493 693 omnes
521 632 638 711 uigiliae
669 635 897 693 committuntur
928 641 958 692 et
990 633 1082 693 linitis

78 719 147 781 horis
173 740 188 780 a
212 723 367 783 cornicine
396 728 584 782 reuocentur.
631 721 757 782 ldoneos
785 729 884 782 tamen
915 719 1029 781 tribuni
1052 727 1108 782 ets

78 809 292 887 probatissimos
308 809 429 890 eligunt,
448 813 499 888 qui
519 813 704 870 circumeant
721 809 838 890 uigilias
854 819 884 870 et
900 810 1082 890 renuntient,

78 899 161 978 siqua
176 900 339 960 emerserit
353 897 447 978 culpa,
466 917 541 977 quos
557 901 765 959 circumitores
780 897 983 979 appellabant;
1002 915 1082 959 nuno

77 986 183 1048 militiae
202 988 304 1048 lactus
324 995 367 1048 est
388 987 497 1066 gradus
513 995 542 1048 et
556 990 712 1048 circitores
727 996 882 1049 uocantur.
921 986 1081 1048 Sciendum

77 1084 161 1136 tamen
179 1084 226 1137 est
250 1078 371 1154 equites
395 1084 477 1136 extra
502 1075 611 1136 uallum
636 1085 797 1137 nocturnas
822 1075 961 1137 excubias
985 1075 1082 1136 lacere

77 1162 180 1226 debere.
218 1164 279 1225 Per
300 1164 377 1230 diem
397 1172 496 1225 cutem
515 1167 621 1226 castris
641 1167 755 1245 positis,
774 1164 927 1226 elii'mane
947 1164 996 1226 alii
1014 1172 1082 1243 post
1097 1182 1123 1221 ro

77 1253 217 1314 meridiem
237 1260 364 1334 propter
383 1253 586 1332 fatigationem
604 1253 758 1314 bominum
778 1271 982 1333 equorumque
1000 1272 1082 1333 agra-

77 1343 125 1402 rias
151 1343 276 1404 faciunt.
319 1341 400 1402 luter
428 1344 588 1422 praecipua
616 1344 758 1402 conuenit
784 1342 889 1402 ducem
913 1341 1082 1423 prouidere,

77 1431 129 1490 siue
146 1433 177 1491 in
198 1431 309 1492 castris
329 1433 392 1490 siue
412 1433 442 1491 in
462 1433 584 1492 ciuitate
604 1433 759 1512 consistat,
781 1440 814 1490 ut
837 1429 1006 1490 animalium
1033 1448 1081 1508 pa·

77 1536 143 1600 serra,
163 1519 325 1580 subuectio
344 1519 487 1580 frumenti
506 1527 733 1598 ceterarumque
758 1521 940 1598 specierum,
964 1521 1082 1597 aquatio

76 1605 183 1685 lignatio
198 1606 352 1689 pabulatio
367 1623 476 1669 secura
487 1608 524 1668 ab
538 1609 670 1669 hostium
684 1608 826 1669 reddatur
840 1611 972 1668 incursu.
996 1606 1081 1678 Quod
1097 1626 1123 1665 15

77 1695 150 1756 aliter
168 1711 230 1757 non
249 1704 350 1776 potest
369 1699 502 1778 euenire,
526 1699 584 1758 nisi
603 1716 657 1777 per
677 1697 740 1758 loca
758 1697 873 1777 idonea,
892 1715 950 1775 qua
967 1706 1083 1758 nostro·

77 1801 133 1844 rum
156 1785 290 1846 ambulat
313 1793 505 1865 commeatus,
528 1786 676 1865 praesidia
701 1786 904 1867 disponantur,
928 1788 993 1847 siue
1016 1785 1082 1847 illae

76 1874 202 1934 ciuitates
228 1877 291 1934 sint
314 1875 379 1934 siue
403 1873 522 1934 castella
546 1884 671 1936 murata.
704 1875 790 1947 Quod
810 1878 835 1936 si
853 1893 913 1936 non
933 1877 1083 1955 reperitur

77 1965 185 2041 antiqua
205 1963 343 2042 munitio,
363 1964 519 2042 oportunis
533 1963 606 2024 locis
622 1963 804 2024 circumdata
819 1963 981 2024 maioribus
996 1964 1083 2024 fossis

77 2051 260 2112 tumultuaria
285 2050 403 2112 castella
427 2052 592 2112 firmantur.
632 2052 706 2112 Nam
723 2071 745 2132 ¹a
770 2055 876 2113 castris
905 2052 1083 2112 diminutiuo
1098 2070 1124 2108 so

78 2138 212 2201 uocabulo
237 2147 310 2200 sunt
333 2149 503 2218 nuncupata
527 2140 654 2201 castella.
696 2141 777 2201 lntra
802 2159 876 2218 quae
905 2142 935 2199 in
960 2141 1083 2218 agrariis

79 2225 210 2305 aliquanti
230 2227 346 2308 pedites
367 2229 543 2307 equitesque
563 2229 705 2308 degentes
724 2236 821 2289 tutum
841 2231 899 2290 iter
919 2245 1084 2287 commean-

77 2347 279 2358 --———...-

92 2395 120 2452 V.
138 2399 166 2454 L.
222 2405 236 2452 1
255 2398 285 2452 in
305 2398 342 2468 sp.
362 2415 413 2468 per
430 2400 521 2454 totam
539 2401 651 2454 noctem
670 2398 825 2470 uigilantes
838 2399 923 2469 culpo
973 2403 988 2451 2
1008 2397 1083 2468 clep·

78 2483 173 2552 sydrum
185 2487 234 2542 eL
253 2473 413 2558 clepsydim
432 2490 457 2556 (r
470 2489 586 2554 fortusse
600 2505 618 2541 c
631 2490 660 2557 1)
673 2488 696 2559 Q
714 2487 851 2557 clepsidre
861 2491 891 2542 H
907 2487 1045 2556 clepsidrai
1058 2488 1087 2542 P

79 2555 208 2626 clepsedrri
228 2560 272 2613 uel
291 2558 425 2628 depsedni
450 2558 477 2612 V
493 2558 571 2628 cleps
585 2560 709 2626 foramen
727 2561 899 2616 ctembraoae
917 2559 967 2614 dri
987 2560 1017 2614 D

78 2627 148 2700 t[A]
162 2629 306 2684 tubicines
316 2629 416 2684 omnes
429 2629 529 2702 uigilip
544 2628 714 2685 cemitentur
723 2631 778 2685 LP
793 2630 932 2686 tubicines
944 2649 967 2686 o.
983 2630 1082 2703 uigiliq

79 2697 250 2756 cimittentur
263 2700 286 2771 Q
321 2705 336 2754 5
354 2701 385 2771 [a
398 2699 549 2770 cornicine]
560 2701 595 2754 R.
608 2702 650 2754 M.
688 2701 796 2757 tribuni
805 2722 818 2756 ε
826 2701 1006 2756 VPtribunis
1013 2719 1081 2756 corr.

79 2770 103 2820 iu
117 2771 246 2826 tribunos
252 2773 282 2824 tt
293 2770 423 2826 tribunos
433 2771 463 2825 D
499 2778 515 2826 6
529 2770 586 2839 uig.
602 2772 665 2826 circ.
675 2775 759 2842 culpo
797 2779 813 2828 't
828 2772 990 2827 circuitores
1000 2775 1084 2842 culpo

119 2841 349 2898 leireumituros
360 2842 386 2897 V
420 2841 513 2913 Nunc]
532 2841 603 2897 Item
618 2845 648 2895 Π
683 2843 758 2913 Set]
778 2843 849 2912 quos
860 2846 890 2896 Π
925 2841 1082 2916 circiteres]

79 2911 233 2969 certioresd
323 2911 473 2968 Sciendum
495 2915 592 2968 temen
614 2913 689 2982 quod
708 2913 814 2969 milites
829 2916 907 2968 extra
924 2913 1033 2968 ballum
1055 2933 1083 2971 n.

79 2995 126 3036 esc.
143 2983 237 3038 secere
256 2983 357 3039 debere
377 2986 408 3037 Π
474 2989 489 3037 9
509 2984 619 3055 excub]
638 2984 753 3054 uigilias
767 2985 813 3039 eP
888 2990 920 3038 11
940 2985 1082 3058 agrarias]

79 3089 199 3158 angarias
213 3089 269 3158 (-os
285 3091 318 3161 Q)
339 3109 351 3144 ε
427 3096 459 3144 13
479 3058 644 3161 contistitQ
667 3093 699 3146 ic
721 3091 788 3148 Par.
808 3096 882 3146 6503
905 3109 923 3146 e
940 3109 997 3148 uon
1015 3094 1084 3148 eutis

79 3163 216 3223 prouisum
234 3166 272 3216 est
341 3166 374 3216 18
393 3160 455 3215 sunt
474 3161 518 3216 eP
583 3166 617 3215 20
635 3161 781 3216 firmentur
798 3166 830 3216 tt
896 3169 928 3218 ct
949 3162 1083 3235 ces[tellc

79 3226 134 3356 fn}
133 3249 231 3374 1ppnwcip
252 3233 301 3373 qtp
319 3232 451 3302 ces]telle
466 3232 492 3287 V
528 3231 623 3304 [quae]
638 3231 665 3286 V
702 3231 731 3286 in
750 3232 883 3305 agrariis]
901 3233 931 3289 in
950 3234 1044 3304 agreis
1054 3235 1081 3287 A

95 3439 117 3497 S.
134 3445 164 3500 L.
227 3452 244 3500 6
262 3443 405 3500 circueant
422 3445 461 3499 M
530 3451 544 3499 't
564 3445 586 3498 si
605 3462 660 3513 que
679 3446 831 3518 emerserit]
852 3447 873 3500 li
892 3464 945 3516 que
964 3449 1029 3521 (que
1046 3446 1082 3516 G)

80 3514 193 3570 merserit
211 3537 230 3570 α
276 3521 310 3569 10
327 3515 391 3585 post
408 3515 525 3571 meridie
544 3517 582 3570 M
623 3523 655 3572 18
674 3517 833 3588 repperitur
851 3519 916 3590 c'G,
962 3524 995 3573 21
1015 3535 1082 3574 non·

82 3588 172 3654 cupete
190 3588 228 3641 M
297 3587 454 3658 titutum]
474 3589 564 3642 toturn
584 3587 619 3642 A'
