2604 4082
213 175 257 240 22
636 175 700 231 vais.
719 175 740 245 Ι,
759 182 801 232 eo.

214 343 282 386 nam
305 324 376 386 licet
402 325 538 403 exemplo
562 324 726 386 Gothorum
755 335 785 385 et
807 323 966 386 Alanorum
990 323 1244 405 Hunnorumque

214 416 350 492 equitum
377 432 458 474 arma
487 407 682 495 profecerint,
710 413 826 492 pedites
854 423 970 475 constat
997 432 1063 474 esse
1091 413 1243 475 nudatos.

214 501 258 562 Ab
283 501 357 563 urbe
381 505 461 564 enim
484 503 603 564 condita
626 521 721 583 usque
750 502 786 563 ad
815 511 934 581 tempus
957 503 1020 563 diui
1043 501 1183 563 Gratiani
1211 511 1244 563 et

214 591 383 653 catafractis
406 601 436 653 et
459 591 551 670 galeis
578 591 769 652 muniebatur
796 591 944 671 pedestris
972 593 1130 652 exercitus.
1174 591 1244 652 Sed

187 693 283 741 tcum
312 683 487 759 campestris
515 682 689 741 exercitatio
716 682 935 742 interueniente
964 679 1150 760 neglegentia
1185 680 1243 740 de·

215 768 348 848 sidiaque
367 777 512 849 cessaret,
531 770 633 847 grauia
652 768 749 829 uideri
768 787 849 829 arma
868 776 1045 849 coeperunt,
1065 785 1140 847 quae
1162 787 1244 828 raro

214 857 324 918 milites
347 857 523 938 induebant,
550 858 652 935 itaque
680 857 716 917 ab
748 859 926 936 imperatore
955 857 1106 936 postulant
1130 859 1243 934 primo

215 947 397 1025 eatalractas,
417 945 524 1006 deinde
544 946 675 1006 cassides
689 941 823 1023 †sedere
838 947 1007 1007 relundere.
1037 945 1086 1006 Sic
1101 945 1243 1006 detectis

213 1034 386 1113 pectoribus
418 1043 448 1094 et
476 1033 623 1113 capitibus
655 1037 809 1114 congressi
836 1042 940 1096 contra
972 1034 1084 1096 Gothos
1117 1033 1242 1094 milites

174 1137 201 1178 1o
214 1125 310 1183 nostri
338 1123 529 1184 multitudine
560 1125 779 1203 sagittariorum
813 1139 900 1202 saepe
930 1123 1021 1185 deleti
1051 1131 1134 1203 sunt3
1174 1140 1242 1183 nec

214 1220 283 1289 post
306 1219 350 1272 tot
373 1212 485 1293 clades,
509 1230 584 1291 quae
608 1230 704 1291 usque
728 1211 763 1271 ad
791 1219 941 1272 tantarum
971 1211 1091 1272 urbium
1113 1212 1242 1272 excidia

213 1311 427 1380 peruenerunt,
447 1303 586 1379 cuiquam
605 1319 695 1362 curae
719 1301 775 1361 luit
799 1299 847 1360 uel
866 1301 1039 1360 eatalractas
1062 1299 1112 1361 uel
1130 1299 1241 1378 galeas

213 1389 404 1467 pedestribus
423 1389 558 1450 reddere.
595 1389 638 1450 lta
656 1390 703 1470 iit,
721 1397 756 1449 ut
778 1407 838 1448 non
856 1389 894 1449 de
912 1407 1010 1469 pugna
1031 1388 1082 1448 sed
1102 1388 1138 1448 de
1159 1389 1239 1466 iuga

214 1481 346 1557 cogitent
374 1480 427 1558 qui
453 1480 484 1538 iu
513 1480 575 1538 acie
604 1478 678 1538 nudi
703 1485 895 1556 exponuntur
918 1478 954 1538 ad
977 1477 1107 1539 vulnera.
1150 1475 1240 1547 Quid

174 1580 200 1621 15
215 1569 292 1627 enim
317 1565 409 1644 pedes
429 1568 599 1644 sagittarius
619 1569 682 1627 sine
701 1567 873 1645 catafracta,
892 1568 956 1626 sine
976 1566 1070 1646 galea,
1088 1567 1138 1644 qui
1159 1583 1237 1625 cum

214 1672 286 1714 areu
300 1663 418 1715 scutum
433 1663 536 1715 tenere
556 1673 614 1715 non
634 1662 741 1737 potest,
758 1649 868 1715 faciat?
891 1653 969 1724 Quid
983 1656 1040 1734 ipsi
1059 1654 1236 1714 draconarii

214 1751 303 1821 atque
332 1743 480 1823 signiferi,
513 1746 565 1822 qui
592 1745 712 1804 sinistra
740 1761 829 1803 manu
857 1741 956 1804 hastas
985 1742 1169 1822 gubernant,
1199 1745 1234 1802 in

213 1831 327 1910 proelio
346 1831 469 1911 facient,
489 1850 616 1911 quorum
636 1842 666 1893 et
685 1833 779 1910 capita
794 1832 872 1891 nuda
887 1839 1025 1893 constant
1039 1839 1069 1891 et
1082 1827 1235 1910 pectora?

213 1918 273 1981 Sed
292 1922 393 1999 grauis
413 1921 505 2000 pediti
524 1921 615 1981 lorica
635 1921 756 1981 uidetur
769 1928 799 1980 et
814 1919 896 1998 galea
910 1920 1037 1981 fortasse
1052 1937 1120 1980 raro
1134 1920 1234 1980 medi-

173 2025 200 2065 ao
214 2011 301 2089 tanti,
330 2010 455 2070 sortasse
488 2027 568 2070 arma
601 2027 669 2070 raro
705 2010 858 2090 tractanti;
895 2017 1029 2070 ceterum
1058 2007 1232 2069 cotidianus

229 2179 264 2234 V.
283 2181 315 2235 L.
380 2179 442 2238 (lae.
462 2179 521 2234 XX.
594 2178 793 2233 lhalanorum
809 2178 835 2231 V
893 2177 1050 2233 honnorum
1069 2178 1107 2232 M
1122 2178 1231 2233 chuno-

212 2267 274 2305 rum
292 2251 329 2306 A’
353 2252 490 2307 hunorum
516 2250 601 2322 QDP
621 2251 806 2305 humnnornm
836 2249 862 2302 V
945 2256 961 2304 6
984 2250 1061 2320 raro]
1084 2266 1147 2304 raro
1172 2249 1232 2303 uti-

213 2338 267 2389 que
285 2323 314 2377 P
325 2324 405 2391 prob.
427 2323 549 2377 Oudenoi.
607 2321 763 2392 postulaui]
785 2320 824 2386 0,·
842 2319 962 2376 Scriuer.
981 2325 1111 2375 memorat
1128 2321 1232 2376 uariae

213 2393 337 2447 lectiones
354 2393 535 2462 postulabant
554 2397 578 2446 et
596 2391 769 2461 postulatum
882 2398 898 2447 8
917 2391 1011 2446 ledere
1030 2389 1181 2446 refundere
1200 2391 1231 2444 A
1291 2393 1294 2446 l

212 2461 307 2516 sedere
320 2463 436 2516 fundere
451 2464 511 2516 MG
531 2462 557 2514 se
572 2463 712 2530 deponere
724 2462 782 2534 QP,
803 2464 847 2528 (in
860 2463 878 2518 l.
894 2479 931 2518 er.
950 2464 1059 2530 latiore)
1077 2461 1104 2516 se
1123 2461 1230 2517 debere
1292 2507 1295 2530 ,

211 2531 328 2586 famdere
348 2533 377 2586 π’
397 2539 422 2587 et
438 2534 553 2600 fortasse
571 2533 606 2602 P,
629 2549 764 2602 reponere
781 2533 956 2589 Barbaricas
973 2532 1121 2588 refundere
1139 2535 1232 2603 (ante-
1292 2531 1294 2589 ἶ

212 2604 318 2658 cedente
336 2603 517 2673 postulatum)
537 2603 676 2658 Scbwebei.
696 2603 760 2658 lede
778 2620 913 2674 reponere
936 2604 1057 2659 Oudenoi.
1077 2605 1126 2674 qui
1144 2605 1232 2658 etiam
1290 2643 1293 2662 r

211 2675 245 2730 de
259 2674 381 2729 cassides
396 2674 430 2729 de
444 2691 509 2729 aare
522 2674 670 2728 refundere
691 2677 824 2744 cogitauit
837 2674 864 2730 se
879 2675 979 2730 debere
998 2673 1147 2729 refundere
1166 2674 1232 2729 Otto

212 2745 314 2800 debere
334 2747 387 2814 (uel
405 2745 514 2814 decere)
532 2744 644 2799 refundi
661 2745 698 2802 E.
724 2746 854 2814 Wdlffla'o
908 2754 941 2801 15
958 2745 1097 2816 pedestris
1112 2745 1170 2814 lag.
1186 2747 1235 2800 aP
1290 2737 1291 2787 l

267 2822 299 2870 18
318 2815 424 2871 faciant
437 2816 484 2870 Ar
539 2815 647 2871 constat
664 2817 719 2887 c'Q
737 2817 865 2871 constant
880 2817 958 2872 nuda
975 2819 1005 2872 ei
1022 2833 1132 2886 pecora..
1173 2817 1231 2870 Sed

212 2886 275 2957 gre]
300 2889 342 2941 ita
365 2888 465 2941 desiuit
493 2886 519 2940 V
538 2889 586 2955 sol.
611 2892 644 2953 6,·
668 2904 780 2956 sequeus
801 2888 848 2955 fol.
872 2888 981 2943 mcidit.
1061 2893 1096 2941 20
1114 2887 1230 2941 forcalle

212 2973 275 3012 raro
288 2956 439 3012 meditanti
452 2957 565 3012 fortasse
579 2975 658 3013 arma
671 2976 735 3013 raro
749 2962 822 3026 (raro
836 2962 963 3026 armall)
973 2956 1108 3014 uocanti
1117 2958 1232 3012 AGPH

211 3030 231 3082 f.
250 3045 271 3082 r.
291 3045 328 3083 m.
346 3029 365 3084 f.
384 3045 448 3083 raro
467 3045 546 3084 arma
563 3029 699 3085 ineunti
718 3029 747 3099 (i.
762 3031 794 3085 ia
812 3030 829 3086 l.
846 3046 882 3085 er.
899 3031 933 3101 Q)
953 3050 972 3100 μ
990 3031 1008 3085 l.
1028 3044 1091 3082 raro
1110 3044 1136 3086 a.
1155 3031 1229 3083 trac-

210 3099 285 3155 tanti
302 3098 321 3154 f.
341 3115 404 3155 raro
422 3099 573 3155 meditanti
589 3099 621 3154 D

231 3259 257 3314 S.
277 3260 308 3314 L.
365 3260 570 3384 ighothorum
588 3259 624 3314 A’
690 3257 907 3332 iprofeceriut]
928 3259 1091 3329 proficerini
1107 3258 1156 3329 Ap
1222 3246 1223 3257 ¹

212 3329 423 3403 scacafiscu']

267 3407 281 3455 ‘i
301 3403 349 3473 ab]
369 3401 406 3456 ad
425 3401 454 3456 A
513 3408 546 3457 11
566 3399 688 3473 excidia]
709 3403 737 3455 ei
755 3400 864 3456 excidia
882 3405 919 3472 A,
983 3406 1014 3456 12
1035 3399 1179 3472 cuiquam]
1199 3395 1232 3456 el

211 3471 342 3540 cuiquam
361 3493 380 3527 α
445 3480 479 3528 14
497 3472 635 3544 cogitent]
656 3471 785 3541 cogitant
804 3472 840 3542 A,
909 3478 942 3526 16
962 3472 1039 3542 areu]
1059 3476 1127 3526 arcti
1146 3473 1177 3524 Π
1187 3490 1220 3532 ,κ

211 3543 331 3616 scnium]
350 3543 428 3600 scuta
447 3545 485 3599 M
554 3551 586 3600 18
605 3542 712 3613 praelio
732 3545 763 3595 Π
832 3548 866 3598 20
885 3542 1054 3598 cottidianus
1071 3543 1107 3595 M
1179 3595 1185 3608 ,

444 3331 539 3386 arten.
559 3332 598 3385 M
668 3336 684 3385 b
703 3330 878 3400 negligentia
895 3330 931 3384 A’
994 3337 1010 3386 6
1029 3331 1182 3399 caeperunt
1200 3331 1234 3384 H
