2552 4082
155 237 156 242 '
190 253 281 309 IIII
619 255 768 310 suasano.

281 406 310 465 5.
335 399 390 486 9¹)
406 431 447 454 =
463 407 620 468 Parisinus
644 385 739 475 7383,
769 407 806 467 Χ.
830 424 913 475 succ„
936 410 969 467 in
991 413 1093 482 quarto
1111 411 1211 484 paulo

190 495 309 563 minore,
337 497 406 555 oiim
429 495 564 570 Ooiberti,
587 501 690 570 posteo
716 497 875 556 Mousardi
901 487 1139 580 (efisot.1u.)‚·
1163 502 1212 558 iu·
1267 539 1268 552 .

191 588 267 658 tepor
295 589 406 659 eccepto
433 586 533 644 uittrno
559 586 630 659 sotio
658 577 745 666 (74),
778 587 861 645 cuius
888 589 1009 646 exterior
1037 605 1138 662 rnuepo
1167 589 1212 648 cd

191 675 343 734 dimidiam
364 691 459 749 prope
481 676 627 748 papirium
654 677 695 733 est
721 676 897 745 abscissum
923 679 1077 749 praetereo
1104 679 1137 736 in
1158 695 1211 736 su
1267 729 1268 732 ,

187 765 305 837 periore
343 764 393 836 sol.
426 765 512 822 4-6
547 764 652 837 unputo
683 781 785 836 pauco
815 765 959 824 uocabulo
989 765 1107 824 nodone
1138 771 1214 825 suut

191 853 302 924 affecto.
348 852 448 911 Rubor
479 853 555 910 cotor
587 869 645 911 nou
682 855 782 912 uncto.
827 851 981 913 Euae-otus
1013 858 1054 914 est
1085 853 1131 912 itio
1164 873 1213 914 eo-

191 942 245 1000 deu
268 959 287 1000 α
309 941 441 1000 iibrdriis
462 942 615 999 nuntronio
638 943 742 1009 tribus,
765 946 914 1002 'correctus
940 958 1049 1016 quoque
1072 959 1092 1002 u
1113 961 1214 1002 ruunu

191 1032 264 1090 sutis
286 1032 409 1103 antiquo
431 1045 528 1101 ecque,
551 1032 610 1089 nisi
632 1031 731 1103 scitor,
754 1031 886 1090 librariis
907 1032 967 1090 diis
984 1032 1099 1104 cunuti
1119 1023 1212 1113 (92),-

193 1121 346 1178 rarissime
363 1120 528 1177 recentioris
546 1120 698 1178 cuiusduru
716 1121 881 1179 correctoris
902 1137 1009 1180 munus
1022 1112 1072 1200 (X
1075 1119 1107 1180 V.
1116 1113 1212 1202 suco.)

190 1209 322 1265 occurrit.
373 1207 430 1266 Est
451 1206 645 1268 Loudnneusi
666 1209 897 1282 praeferendus;
924 1210 1001 1269 deest
1031 1211 1211 1283 subscriptio

85 1325 88 1332 .
191 1286 242 1372 (ef.
253 1314 286 1369 p.
308 1296 370 1355 165
400 1300 516 1356 orostrae
539 1288 611 1377 ed),
634 1315 810 1370 quemquern
834 1288 897 1378 (fot.
923 1299 964 1357 74
987 1289 1031 1376 u.)
1053 1305 1214 1370 supererat

190 1386 336 1457 spatium
376 1402 466 1458 neque
506 1389 603 1444 torneu
642 1388 811 1444 recentiores
850 1404 957 1446 munus
992 1387 1024 1444 id
1063 1389 1212 1446 intuctuno

190 1474 380 1548 reliquerint:
426 1475 597 1534 adteuerunrt
632 1475 829 1548 alphabetum,
870 1479 953 1534 notos
993 1477 1121 1534 musicas
1160 1467 1212 1556 (ut

190 1598 588 1738 ξέ-ὲὲ),
612 1635 703 1702 ‘rnen
724 1644 807 1702 uerbi
828 1645 988 1702 misterium
1009 1659 1093 1702 nosce
1116 1646 1214 1704 cudis

191 1793 241 1851 iun
268 1786 325 1851 tue'
354 1784 461 1874 (XIV.
491 1787 594 1874 suec),
626 1793 695 1852 utto.
741 1779 814 1852 Iun
831 1794 872 1853 58
896 1811 926 1854 u.
950 1786 996 1874 (in
1017 1795 1068 1868 fin.
1092 1799 1214 1868 quater-

190 1874 300 1962 nionis)
325 1875 368 1963 (n.
391 1883 433 1941 ed.
451 1900 484 1955 p.
511 1884 583 1956 124,
608 1875 642 1958 6)
667 1883 771 1941 desinit
794 1875 955 1942 ‘necessita'
977 1884 1087 1956 reliquo
1109 1888 1212 1956 spatio

191 1973 217 2028 et
239 1971 331 2030 tineae
354 1974 380 2028 et
399 1973 527 2046 pupiuue
548 1989 660 2042 uuouo,·
678 1973 777 2045 perpit
793 1971 842 2044 fot.
868 1972 908 2031 59
928 1990 952 2031 ν.
977 1965 1014 2030 ‘te
1034 1967 1212 2054 'confligenti'

191 2063 255 2130 etc.‚·
283 2064 310 2117 et
335 2060 411 2118 huno
433 2061 526 2119 iocum
552 2062 585 2119 iu
611 2079 697 2119 suurn
723 2077 810 2119 usum
836 2062 976 2119 recentior
998 2062 1142 2134 quaedum
1167 2079 1214 2121 ec-

1173 2148 1214 2172 Ν

1045 2148 1089 2177 Α
1107 2163 1134 2170 -

191 2184 350 2244 etesiustico
381 2202 487 2244 monus
519 2187 656 2243 conuertit
692 2177 744 2261 (ut
779 2178 853 2244 ‘Sia
884 2186 982 2244 merto
1009 2186 1135 2245 rnutdni
1157 2191 1215 2246 uri

189 2283 244 2364 ibin
267 2287 349 2353 IIII
370 2293 403 2350 in
424 2309 530 2350 monus
552 2291 609 2362 niu
632 2293 674 2350 tui
697 2295 723 2349 et
744 2295 811 2350 tuus
833 2292 933 2350 9ncedc
956 2291 1038 2351 hodie
1065 2295 1091 2350 ot
1116 2294 1149 2350 in
1182 2298 1214 2354 oi

189 2383 314 2451 ternpore
341 2381 443 2438 ouini
464 2383 530 2438 nied
553 2384 579 2438 et
601 2374 682 2453 corp⁹
706 2372 792 2440 rucei?
838 2371 875 2460 (i.
904 2397 926 2439 e.
954 2384 1056 2440 souctu
1088 2380 1213 2450 Morio,

189 2470 283 2526 nater
304 2466 426 2526 Donuini
447 2470 539 2526 nostri
560 2468 636 2527 Jesu
659 2465 779 2536 Oinisti,
807 2470 839 2528 iu
865 2485 974 2528 munus
998 2470 1021 2542 f.
1048 2473 1067 2528 t.
1091 2473 1117 2526 et
1139 2473 1214 2531 tuos

193 2555 356 2614 cornuendo
377 2555 404 2614 tt.
429 2573 450 2614 e.
473 2558 506 2614 in
529 2558 606 2616 ornni
625 2560 641 2616 t.
661 2558 793 2616 animaru
809 2573 905 2617 necorn
923 2561 948 2616 et
966 2575 1070 2631 corpus
1086 2553 1213 2638 neuen).

189 2643 252 2702 Iu.
278 2645 341 2702 ir.
365 2648 392 2703 et
413 2646 445 2704 in
471 2647 620 2718 superiore
647 2648 673 2703 et
698 2647 731 2704 in
757 2646 895 2718 deteriore
921 2649 1053 2720 ncrpinc
1080 2664 1215 2708 resurae

190 2736 371 2806 comparent·
404 2734 497 2793 diddo
525 2737 594 2792 suut
620 2750 693 2808 quoe
719 2752 820 2807 pauco
842 2752 950 2794 munus
973 2735 1042 2794 XV.
1066 2752 1141 2794 suec.
1168 2740 1214 2797 ad

188 2824 350 2896 merpineru
377 2823 502 2881 ciusdem
529 2823 593 2896 sotii
620 2825 797 2896 superiorem
819 2824 1091 2883 cousuuuuueru.
1137 2823 1215 2886 Post

189 2909 339 2969 Housiurn
366 2915 392 2969 et
418 2911 470 2969 Du
492 2911 570 2970 Rieu
596 2914 657 2985 ipse
685 2901 726 2990 (c.
753 2903 853 2992 1868)
876 2913 989 2972 contuli.
1036 2910 1214 2986 Ooncpiures

189 2997 264 3056 iocos
285 3000 390 3056 itennn
412 3001 535 3073 inspeut
553 2990 671 3080 (1868)
689 2999 746 3060 Dr.
764 2999 841 3084 Aup.
859 3000 1007 3076 Bchdpicei
1031 3001 1145 3075 coitepo.
1166 3034 1209 3045 -

189 3086 336 3145 Memorio
354 3087 526 3161 dipnissiruu
545 3093 585 3146 cst
603 3090 726 3162 epistula
744 3090 784 3148 cd
803 3089 949 3163 Vepetiunu
962 3095 1101 3164 spectans,
1115 3107 1214 3162 quum

189 3175 235 3234 iu'c
253 3176 339 3234 codec
356 3177 415 3250 ipsi
433 3179 513 3250 operi
524 3179 694 3250 prueneittit.
731 3177 781 3236 Eu
800 3195 865 3237 curn
883 3197 903 3236 α
920 3179 1070 3238 driderico
1088 3177 1212 3240 Housio

189 3253 222 3344 (i.
243 3257 284 3342 I),
304 3281 377 3336 pecco
400 3265 616 3339 ddipeutissirne
637 3269 821 3334 tractaretur,
844 3267 933 3340 diana
955 3267 1055 3326 habitu
1077 3269 1123 3334 sit,
1146 3285 1212 3328 non

183 3369 341 3425 possumus
363 3370 422 3413 nou
445 3371 509 3413 eoru
530 3354 581 3412 icc
604 3371 713 3428 quoque
735 3356 793 3414 loco
817 3356 950 3414 subicere.
996 3355 1037 3414 Id
1058 3371 1128 3414 uero
1146 3374 1212 3416 nco-

188 3442 316 3500 nendum
338 3445 387 3508 est,
411 3443 494 3502 Frnd.
517 3443 680 3511 Hoosium,
708 3446 758 3516 qui
784 3446 816 3503 in
847 3443 939 3504 Paris.
966 3445 1051 3504 7230
1074 3439 1107 3504 A
1129 3445 1213 3506 hono

262 3627 288 3697 ι)
307 3629 341 3697 cs.
357 3645 388 3699 p.
410 3629 550 3685 XVIIII.
