2552 4082
196 230 262 286 XVI
630 227 780 284 Praefabia

194 385 329 456 putarem
356 398 376 439 a
408 379 520 454 Vepetio
551 380 686 440 mebricac
713 395 772 438 esse
803 379 984 452 repetendae,
1013 380 1119 452 quippe
1145 383 1218 438 tuac

196 470 329 528 Ferateri
360 469 552 542 depactione
582 470 664 528 tertio
691 483 801 541 quamue
826 468 913 527 uerbo
947 466 1095 540 Vepetium
1121 469 1216 526 mere-
1263 483 1264 532 t

193 560 297 632 partie
328 574 393 618 aare
423 559 549 616 maxime
579 559 705 617 imbutus
735 560 874 628 ratusque
900 557 1057 614 oraticnem
1084 557 1143 629 ipsi
1164 575 1217 615 ru-

198 648 294 706 bricae
323 648 458 719 quamuis
479 646 611 706 imaudita
638 646 752 704 viuculo
776 645 953 718 applicatam
975 661 1035 703 aaa
1060 646 1104 702 ita
1125 661 1216 719 pror-

199 753 251 795 suc
278 736 405 794 auctoris
430 736 594 807 fatuitatem
621 734 761 792 dedecere.
797 731 854 792 Sed
882 733 957 791 bauc
984 734 1218 806 opimandam
1264 700 1265 790 i

202 823 349 898 Vepetium
366 840 402 881 ue
419 824 547 881 iniustus
564 823 629 890 sim,
647 822 730 881 bodie
746 838 792 880 me
809 837 944 894 respuere
961 825 1046 894 atque
1068 824 1217 889 auersari,

199 928 234 972 ea
257 913 306 978 eie,
329 927 403 984 auae
424 912 507 970 made
530 911 728 978 disseruimus,
751 911 838 982 facite
854 911 1045 983 perspecerie.
1088 908 1177 968 Oodd.
1204 930 1219 968 ε

196 1017 265 1060 aera
287 1000 368 1059 iliius
391 1000 445 1058 toci
468 999 557 1066 tectio,
580 1001 613 1058 m
636 1000 739 1072 quibem
766 997 896 1073 exceptis
921 1029 963 1038 -
987 997 1102 1056 amittit
1123 999 1219 1058 uerba

197 1091 292 1162 ipsias
321 1089 456 1147 mabricae
478 1105 555 1161 pars
584 1091 740 1160 appareat,
769 1088 835 1160 ipsa
864 1103 974 1160 quoque
995 1088 1066 1160 quire
1093 1088 1132 1146 sit
1159 1089 1218 1146 rei
1265 1107 1266 1122 ¹

197 1177 316 1243 cicada,
344 1178 394 1235 uie
420 1177 574 1248 quisquam
601 1177 792 1245 dubitauerit;
819 1191 893 1248 quae
915 1177 991 1234 euim
1014 1175 1145 1249 deinceps
1173 1191 1219 1234 se·

196 1268 300 1323 amiur
323 1263 402 1322 Nam
420 1263 452 1322 in
470 1263 628 1323 itineribus
648 1268 697 1323 etc.
725 1264 796 1322 adeo
826 1267 987 1336 compruuut
1013 1280 1079 1322 cum
1100 1265 1218 1336 famoso

197 1353 247 1412 iilo
279 1355 427 1412 eumatiata
457 1354 614 1426 uocataque
643 1371 714 1410 nam
746 1354 782 1411 ab
812 1355 934 1411 miramo
967 1367 989 1410 c.
1014 1353 1054 1411 18
1084 1352 1221 1412 abborret
1266 1365 1267 1400 t

198 1443 277 1514 adea,
300 1445 332 1500 at
355 1442 448 1501 tamem
474 1443 543 1500 oiim
563 1442 640 1500 burm
661 1444 694 1500 ia
716 1441 833 1499 medaea
855 1442 1048 1500 mustituicse:
1071 1436 1154 1516 [Exc.
1171 1472 1214 1482 -

197 1527 336 1604 amittit}
367 1529 446 1587 Nam
465 1533 514 1588 ete.
532 1546 610 1588 uuae
617 1531 775 1603 pacuiteat,
797 1545 834 1587 ree
852 1529 948 1588 dicam
955 1529 1075 1602 pudeat.
1104 1528 1219 1602 Quibus

197 1620 232 1677 de
256 1619 353 1677 causis
371 1635 459 1691 quam
480 1620 647 1692 praedarum
668 1618 809 1677 medelam
835 1619 1051 1677 immieatissimc
1076 1617 1135 1675 ioca
1163 1620 1219 1677 ad-

198 1706 352 1773 tribm'mus,
372 1723 437 1766 cam
454 1701 607 1779 muamus
624 1708 701 1766 uiris
718 1707 807 1765 doctis
819 1706 978 1778 probatum
995 1707 1037 1766 iri
1044 1697 1079 1786 ¹).
1107 1704 1219 1780 Quam
1267 1699 1268 1758 t

199 1797 247 1854 uis
269 1796 358 1868 ipitm
384 1796 519 1854 rubricas
542 1795 708 1855 traditura
738 1794 850 1868 Vepetia
877 1795 991 1853 atienae
1014 1797 1040 1852 et
1061 1795 1102 1854 ad
1118 1799 1218 1867 posce-

196 1885 304 1942 rierem
333 1884 501 1956 scriptorem
529 1885 601 1942 secti
632 1885 694 1956 fere
722 1882 831 1942 camuli
858 1911 901 1924 -
931 1899 1003 1941 ream
1031 1884 1064 1942 ia
1093 1899 1123 1941 eo
1152 1885 1219 1942 iam

198 1972 300 2038 codice,
324 1988 358 2031 ec
379 1988 434 2044 quo
456 1973 654 2046 trapmeutum
673 1970 848 2031 Vaticauum
867 1969 941 2031 VII.
955 1985 1028 2030 saec.
1052 1975 1219 2044 eecerptum
1268 2034 1269 2069 1

198 2063 247 2127 est,
270 2061 407 2120 miricae
425 2061 589 2135 adscriptae
606 2061 688 2133 fuere
707 2091 750 2100 —
768 2060 937 2132 refereudas
955 2075 1015 2119 esre
1038 2076 1216 2128 censeamus,
1268 2107 1269 2116 ,

197 2154 293 2209 tamem
322 2151 355 2208 iu
383 2151 516 2223 marpiae
546 2149 615 2208 dias
643 2149 814 2208 mitescatis
843 2149 945 2206 titteris
973 2148 1162 2221 emmeram
1188 2151 1219 2209 ci

197 2255 392 2306 amassmuu,
423 2240 463 2299 ad
493 2255 591 2298 eorum
623 2239 673 2310 qui
702 2238 792 2311 teperet
822 2253 909 2296 amau
943 2237 1049 2296 tibrum
1082 2240 1219 2296 uestrum

198 2328 427 2386 eaistimauimue
449 2329 513 2400 fore
536 2343 567 2385 eo
590 2326 852 2386 accorucdatierem.

433 2564 475 2630 ΙΙ.
511 2564 565 2630 De
589 2565 789 2631 codicibus
813 2563 979 2651 vegetii.

335 2727 371 2790 A.
404 2728 449 2787 De
473 2728 608 2789 codicum
630 2729 791 2808 generibus
814 2728 1078 2807 affinitatibusque.

286 2887 431 2962 Sequitur,
453 2893 487 2948 ut
504 2890 538 2949 de
561 2890 689 2949 codicum
709 2891 863 2964 peceribus
885 2890 1133 2963 affinitatibucque
1155 2891 1217 2950 dis-

191 2979 337 3051 putemus.
375 2976 432 3052 Qui
464 2995 530 3037 cum
561 2978 631 3038 adea
662 2980 747 3038 cmlii
774 2983 877 3046 eutem,
900 2982 946 3046 ut,
974 2982 1114 3051 quamtum
1143 2979 1222 3040 mibi

198 3066 312 3139 quidem
335 3081 434 3125 eruere
456 3066 550 3134 timii,
578 3071 691 3126 reatum
720 3068 919 3142 quadrapinta
953 3067 1090 3126 eccedaret
1116 3083 1222 3127 umne-

198 3171 274 3222 rum,
297 3156 341 3213 ita
362 3171 424 3213 rem
446 3156 567 3222 imtitui,
590 3158 624 3215 ut
646 3172 745 3215 corma
767 3157 905 3223 cadmum
927 3157 977 3229 qui
993 3159 1063 3229 post
1085 3155 1222 3216 demdeci-

197 3259 278 3302 mum
304 3243 452 3302 caecatum
479 3245 593 3304 exarati
614 3247 696 3312 ami,
723 3245 837 3304 auitam
858 3244 919 3318 fere
940 3244 1103 3303 habendam
1124 3247 1221 3304 ratia-

196 3348 263 3390 reem
286 3333 450 3392 cmsuerim.
494 3330 661 3392 Ceterorum
683 3337 792 3401 metare,
821 3350 891 3406 quas
913 3333 1027 3406 quidem
1044 3348 1103 3406 pro
1132 3335 1223 3395 uirili

273 3519 300 3585 1)
328 3517 386 3573 iam
412 3519 537 3575 coculam
563 3518 701 3575 euuutiati
723 3518 796 3574 Nam
819 3519 849 3573 in
872 3515 904 3572 Α.
928 3517 986 3572 iam
1012 3517 1143 3588 fatigatis
1168 3523 1222 3578 etc.

197 3605 255 3646 acu
273 3591 311 3646 ud
327 3590 458 3661 fatigatis
471 3591 609 3662 pertinere
622 3591 671 3645 uic
688 3594 727 3646 ert
744 3591 817 3660 quod
833 3605 964 3646 moneam.
