2576 4080
432 257 493 312 Lib.
512 255 573 324 1111,
595 262 635 313 16.
657 263 697 312 17.
1009 255 1073 322 139

60 406 222 486 adportatis
239 405 387 484 lapidibus
406 405 495 484 lignis
514 424 548 465 ac
568 413 647 466 terra
666 424 726 466 non
745 405 840 466 solum
860 406 1002 486 conplent
1021 406 1072 467 sed

60 496 144 554 etiam
173 493 319 574 solidant,
348 501 382 554 ut
410 501 510 554 turres
539 493 752 554 ambulatoriac
776 496 840 554 sine
868 495 1073 574 inpedimento

59 585 220 662 irrogantur
249 583 285 643 ad
314 600 444 643 murum.
486 581 635 644 Vocantur
664 591 763 644 autem
791 585 954 643 amerinis
977 582 1073 644 beluis

59 665 198 752 musculi;
223 689 290 731 nam
310 670 559 750 quemadmodum
577 671 629 744 illi,
649 689 717 732 cum
737 673 867 731 minores
886 673 955 751 sint,
974 678 1073 732 tamen

60 757 178 820 ballonis
217 759 360 820 auxilium
397 759 668 838 adminiculumque
699 760 810 838 iugiter
842 759 996 840 exhibent,
1031 762 1099 819 itao

61 850 128 908 istae
162 847 319 909 machinae
350 847 508 908 breuiores
543 846 620 925 [uel]
655 847 812 928 deputatae
845 847 980 909 turribus
1013 865 1073 907 ma-

60 939 119 1014 gnis
138 937 286 996 aduentui
306 934 425 996 illarum
445 944 552 1016 parant
570 937 650 996 uiam
666 938 833 1016 itineraque
852 937 1072 1015 praemuniunt.

60 1023 139 1086 llVll.
156 1025 274 1086 Turres
294 1033 392 1086 autem
406 1025 550 1085 dicuutur
563 1024 799 1086 machinamenta
814 1024 850 1085 ad
865 1025 963 1086 aedifi·
975 1063 1100 1098 mmm.
1112 1063 1180 1097 msa.

60 1115 168 1174 ciorum
189 1115 323 1193 speciem
341 1131 377 1174 ex
396 1111 532 1174 trabibus
546 1112 746 1192 tabulatisque
765 1121 908 1193 conpacta
927 1107 1057 1196 et,¹¹‘⁰‘¹²''

60 1219 92 1261 ne
105 1209 224 1262 tantum
243 1219 318 1281 opus
336 1200 438 1262 hostili
452 1208 661 1262 concremetur
680 1201 827 1282 incendio,
846 1202 1072 1282 diligentissime
1087 1215 1113 1254 1⁰

61 1307 91 1348 ox
118 1289 225 1352 crudis
253 1291 343 1350 coriis
371 1289 421 1350 uel
449 1289 627 1351 centonibus
655 1291 850 1371 communita,
879 1289 988 1369 quibus
1016 1307 1072 1369 pro

61 1379 140 1439 modo
164 1377 334 1439 altitudinis
357 1378 477 1439 additur
500 1377 634 1438 latitudo.
669 1378 743 1438 Nam
766 1377 918 1438 interdum
941 1381 1073 1439 tricenos

61 1467 144 1544 pedes
167 1485 226 1548 per
249 1466 398 1546 quadrum
421 1467 572 1528 interdum
597 1466 803 1546 quadragenos
822 1466 871 1527 uel
890 1467 1073 1545 quinquage-

61 1571 108 1615 nos
126 1555 205 1616 latae
227 1564 305 1617 sunt.
335 1555 506 1616 Proceritas
525 1563 624 1616 autem
642 1557 776 1634 ipsarum
794 1563 875 1616 tanta
895 1555 937 1636 fit,
961 1563 994 1615 ut
1012 1571 1072 1614 non

62 1645 148 1704 solum
173 1661 280 1705 muros
299 1643 351 1704 sed
372 1645 462 1705 etiam
480 1652 580 1704 tarrres
599 1643 729 1724 lapideas
749 1643 904 1705 altitudine
920 1649 1072 1723 superent.
1087 1655 1112 1696 15

62 1729 107 1792 His
129 1733 236 1812 plures
259 1740 342 1793 rotae
367 1733 538 1793 mechanica
558 1741 621 1793 arte
640 1731 820 1812 subduntur,
844 1749 971 1811 quarum
988 1732 1072 1812 lapsu

63 1821 180 1882 uolubili
204 1821 377 1900 magnitudo
401 1830 461 1882 tam
485 1821 581 1900 ampla
605 1829 770 1882 moueatur.
803 1821 949 1882 Praesens
974 1830 1073 1882 antem

62 1909 225 1985 pericnlum
247 1911 379 1970 ciuitatis
402 1918 457 1989 est,
481 1912 507 1970 si
530 1909 566 1970 ad
586 1927 705 1970 mortun
725 1910 816 1970 luerit
834 1913 928 1971 turris
948 1909 1072 1971 admota.

62 1995 159 2059 Plures
189 1999 271 2059 enim
301 1999 410 2078 accipit
433 1998 526 2059 scalas
549 2005 580 2058 et
603 1998 723 2058 diuerso
746 2017 856 2078 genere
880 2007 1006 2059 conatur
1028 2000 1072 2057 in·

63 2101 206 2166 rumpere.
237 2085 312 2146 Nam
329 2088 361 2146 iu
380 2086 574 2147 inferioribus
588 2086 678 2147 habet
697 2088 829 2166 arietem,
853 2088 939 2147 ouius
958 2087 1073 2162 impetu
1087 2098 1113 2138 2⁰

64 2171 184 2236 destruit
208 2192 320 2255 muros,
344 2176 424 2236 circa
441 2176 570 2260 mediam
588 2193 662 2236 uero
681 2182 796 2254 partem
816 2175 924 2252 accipit
942 2182 1073 2252 pontem,

64 2260 166 2324 lactum
191 2263 229 2325 dc
253 2263 369 2324 duabus
392 2263 527 2324 trabibus
551 2272 746 2344 saeptumque
771 2263 808 2322 de
832 2263 960 2342 uimine,
984 2278 1073 2340 quem

66 2350 156 2412 subito
184 2350 335 2432 prolatum
362 2355 443 2413 inter
471 2361 584 2414 turrem
618 2369 798 2430 murumque
827 2351 1016 2411 constituunt
1043 2357 1074 2410 et

81 2467 109 2521 V.
125 2471 156 2524 L.
233 2475 249 2523 3
269 2469 392 2540 murum]
417 2469 512 2525 muros
526 2489 548 2524 π
621 2475 636 2524 7
655 2467 777 2523 bellonis
794 2467 817 2522 O
842 2466 970 2522 baleenis
983 2483 1074 2536 pram·

66 2541 152 2595 malici
169 2541 268 2596 doceat
340 2547 355 2596 6
377 2539 449 2614 [uel]
469 2541 622 2610 deputatae
641 2540 725 2612 culpo
743 2538 791 2594 uel
810 2539 872 2609 dep.
888 2539 968 2610 aHP²
990 2537 1074 2593 uelde

66 2610 116 2676 put.
133 2614 152 2667 d
169 2609 256 2666 ualde
274 2611 337 2680 dep.
356 2611 384 2666 P
405 2613 438 2668 de
456 2610 536 2666 uelut
554 2611 687 2680 copltcuc't
707 2610 919 2680 Oudendorpius
992 2616 1007 2665 7
1027 2609 1075 2664 od-

67 2681 155 2736 ueutui
174 2703 195 2752 p
214 2682 338 2736 aduentu
347 2679 415 2736 A'u'
434 2679 559 2737 aduentu
578 2681 607 2735 P
675 2681 736 2736 Coe.
756 2679 845 2736 XVII.
882 2681 977 2752 9[ex]
991 2681 1075 2749 maluo

131 2759 163 2806 11
185 2752 358 2807 communito
376 2752 479 2821 quibus
493 2757 529 2806 ct
553 2753 708 2808 communit
725 2769 743 2807 a
761 2751 864 2822 quibus
879 2771 898 2805 α
921 2750 1075 2806 communi·

67 2819 106 2874 tur
123 2821 227 2893 quihus
241 2823 280 2894 A²
301 2823 425 2879 Stuoech.
505 2829 537 2878 13
556 2823 615 2894 uel]
636 2839 670 2878 ac
689 2825 720 2876 H
798 2827 830 2876 15
851 2821 1027 2892 [altitudine]
1047 2823 1077 2874 H

114 2900 145 2948 tc
165 2893 212 2948 hil
227 2894 322 2964 plures
337 2895 428 2965 rotae]
448 2894 602 2950 bisantem
623 2893 714 2949 crates
730 2895 761 2947 Π
815 2892 945 2962 quarum]
965 2889 1037 2960 qual
1047 2891 1078 2944 H

132 2971 164 3021 17
183 2965 316 3036 uolubili]
337 2964 477 3020 immobili
495 2969 526 3018 H
613 2963 772 3036 moueatur]
791 2964 917 3018 moratur
935 2966 966 3016 H

69 3037 97 3086 23
113 3037 217 3090 turrem
238 3037 284 3090 aH
300 3035 401 3092 turrim
420 3035 517 3106 (turim
540 3035 582 3104 V)
602 3037 650 3090 dP

84 3138 106 3194 S.
124 3142 154 3196 1..
228 3141 290 3198 Car.
310 3141 383 3195 XVI.
422 3140 615 3211 tapportatil
630 3144 662 3195 H
731 3141 924 3224 complenti]
983 3145 1076 3195 iem·

69 3208 217 3268 buletariee
236 3211 284 3282 Ap
355 3211 557 3283 impedimento
576 3213 608 3266 H
665 3212 864 3283 3iuugantur]
883 3211 1017 3294 iugentur
1035 3211 1072 3282 Al

115 3283 216 3354 beluis]
237 3282 330 3338 ualuis
344 3285 376 3336 H
444 3282 727 3352 equememmodum
745 3285 777 3336 H
845 3282 1043 3338 conbanem

71 3353 208 3426 tparant]
227 3355 310 3425 parat
329 3355 360 3407 H
429 3352 492 3409 Gar.
512 3354 598 3408 XVII.
636 3353 777 3426 Sturnos]
795 3352 883 3408 turris
898 3352 925 3407 α’
985 3354 1076 3406 titre·

72 3421 144 3477 uibus
158 3425 206 3496 Ap
243 3425 392 3495 compacta
411 3427 442 3478 H
477 3431 509 3479 12
528 3423 664 3550 meenosp
683 3423 812 3479 trecenos
823 3443 836 3479 ε
875 3431 907 3478 16
922 3423 1021 3478 rothae
1035 3423 1073 3494 Al

118 3501 149 3548 19
168 3495 323 3566 irrumpere
342 3497 373 3549 H
442 3502 476 3550 21
496 3495 624 3566 destruit]
665 3495 798 3550 eltruete
864 3493 999 3564 mediam]
1017 3510 1075 3548 me·

73 3560 114 3616 dia
130 3567 155 3618 α’
220 3565 344 3640 partem]
363 3567 445 3647 parte
464 3568 503 3621 M
571 3565 686 3638 accipit]
707 3564 818 3636 accepit
836 3569 865 3620 H
937 3571 971 3620 22
990 3563 1077 3620 trani-

73 3629 119 3687 bnl
132 3635 178 3706 Ap
250 3638 286 3692 de
303 3637 425 3710 uimlne]
446 3635 580 3692 diuimine
601 3637 638 3690 M
