2576 4080
486 228 547 286 aab.
567 228 614 300 111,
634 236 677 286 aa.
1018 232 1083 297 123

156 373 215 444 Qui
236 375 334 436 leuem
357 384 538 440 armaturam
561 379 703 458 optimam
721 381 807 461 regit,
831 389 988 462 utramque
1008 383 1083 444 alam

71 463 161 524 bostis
184 464 304 525 inuadat
328 465 500 527 ferentariis
523 474 591 527 ante
610 469 703 528 aciem
724 471 903 551 constitutis,
928 473 980 550 qni
997 475 1083 552 quin·

70 560 114 614 tus
137 561 184 614 est
208 553 323 616 modus.

154 641 214 712 Qui
237 661 293 702 neo
316 661 442 704 numero
467 644 593 706 militum
617 663 673 706 neo
696 648 809 708 uirtute
834 647 964 727 confidit,
989 650 1014 708 si
1033 649 1082 710 de-

69 739 253 810 pugnaturus
281 739 341 814 est,
373 731 410 794 de
441 731 545 794 dextra
578 751 631 796 sua
660 737 812 796 sinistram
842 735 917 796 alam
950 736 1109 798 bostium⁵

69 819 161 899 pulset
186 819 313 900 reliquis
337 823 401 882 suis
429 824 578 900 porrectis
606 824 638 884 iu
667 823 893 886 similitudinem
921 826 1003 903 ueri,
1031 828 1082 904 qui

70 918 165 971 sextus
190 916 238 970 est
260 909 377 975 modus.

151 998 212 1069 Qui
231 1000 390 1076 pauciores
409 999 649 1080 infirmioresqne
668 1000 778 1062 babere
794 1004 935 1082 senouit,
954 1003 1081 1082 septimo

68 1086 148 1146 modo
172 1105 211 1147 ex
236 1105 296 1148 uno
320 1086 413 1148 latere
437 1097 488 1150 ant
511 1097 642 1150 montem
665 1098 717 1152 aut
740 1092 893 1152 ciuitatem
916 1099 968 1152 aut
1000 1109 1080 1152 maro

68 1184 112 1236 aut
133 1175 265 1236 fluuium
288 1184 340 1236 aut
363 1174 481 1254 aliquod
506 1175 595 1238 debet
617 1177 727 1240 babere
752 1177 928 1242 subsidium.
1096 1194 1122 1234 10

149 1264 210 1335 Qui
234 1263 357 1325 contidit
380 1266 527 1344 equitatu,
556 1268 670 1345 aptiora
694 1265 758 1328 loca
782 1276 906 1346 quaerat
929 1268 1081 1348 equitibus

68 1361 94 1412 et
114 1371 178 1414 rem
203 1355 298 1432 magis
321 1370 376 1432 per
399 1355 515 1432 equites
538 1363 630 1434 gerat.
817 1423 823 1435 ,

149 1442 211 1513 Qui
235 1442 357 1503 confidit
376 1440 568 1522 pedestribus
587 1445 690 1528 copiis,
714 1445 827 1524 aptiora
846 1443 910 1504 loca
928 1444 1080 1524 peditibus

68 1539 184 1607 quaerat
209 1539 239 1592 et
262 1549 327 1591 rem
351 1532 445 1609 magis
466 1549 522 1610 per
544 1531 661 1612 pedites
684 1541 776 1611 gerat,

149 1619 227 1680 Cum
252 1619 422 1699 explorator
446 1619 576 1680 bostium
600 1620 727 1682 latenter
755 1620 876 1683 oberrat
902 1623 934 1683 iu
963 1624 1079 1703 eastris,
1095 1637 1120 1678 15

68 1725 163 1772 omnes
178 1708 218 1770 ad
233 1710 363 1769 tentoria
382 1725 435 1768 sua
453 1726 508 1786 per
528 1708 606 1770 diem
625 1710 724 1772 redire
744 1710 912 1793 iubeantur,
931 1719 961 1773 et
980 1713 1080 1774 statim

69 1795 298 1876 deprehenditur
322 1796 499 1876 explorator.

148 1886 227 1947 Cum
246 1885 404 1946 consilium
423 1892 508 1946 tuum
530 1890 708 1965 cognoueris
723 1887 903 1950 aduersariis
919 1889 1079 1972 proditum,

68 1972 287 2054 dispositionem
312 1982 428 2056 mutare
451 1983 481 2035 te
506 1979 655 2038 conuenit.

149 2063 230 2135 Quid
258 2063 324 2124 fieri
353 2063 472 2144 debeat,
505 2071 629 2125 tractato
659 2084 727 2126 oum
756 2065 872 2144 multis,
905 2065 976 2143 quid
1006 2083 1078 2125 nero
1094 2081 1120 2122 ao

69 2165 278 2178 ψ

82 2198 112 2254 V.
126 2200 156 2255 L.
196 2198 383 2271 loptimam]
403 2198 509 2270 optime
523 2200 552 2254 P
585 2200 671 2272 regii]
691 2201 795 2271 gemti
832 2197 1043 2254 bferoniariii

69 2305 233 2374 constitutis]
253 2304 400 2360 constituti
418 2271 632 2378 nnt(sl1nto)t
667 2313 683 2361 2
699 2323 723 2360 e.
737 2323 763 2374 q.
778 2306 867 2388 welpo·
899 2309 915 2358 o
931 2305 1082 2388 dexteraV

132 2383 147 2432 6
165 2377 229 2432 ueri
248 2377 333 2445 (muri
350 2377 391 2446 D)
413 2377 523 2433 Oueru
543 2378 577 2448 Q,
598 2380 682 2447 oripo
706 2429 708 2434 .
750 2381 766 2432 8
785 2376 986 2446 paucioresque
1004 2376 1078 2430 miir-

69 2447 216 2518 miorelque
226 2450 258 2502 H
293 2454 326 2502 10
340 2451 391 2502 aut
410 2447 524 2516 aliquod
537 2449 584 2506 dP
600 2451 650 2504 aut
667 2447 777 2517 aliquid
787 2449 818 2500 H
836 2447 1023 2574 [aflaabquod
1033 2448 1079 2519 ocQ

69 2518 210 2588 leliquod
228 2518 256 2573 L
293 2517 497 2590 [subnotatum
534 2526 566 2574 11
587 2519 715 2589 equitatu
725 2519 770 2574 Gd
787 2535 871 2587 aeqm
902 2519 933 2574 iti
950 2519 976 2589 (⁸
991 2521 1078 2587 er.)A

69 2588 219 2656 equitatum
238 2589 298 2660 Mo
325 2590 465 2658 equitatui
484 2592 505 2660 (i
522 2593 555 2646 in
575 2592 603 2645 P
619 2597 716 2661 posteo
735 2592 865 2646 admotum
882 2592 1005 2662 uidetur)
1024 2593 1082 2646 ΠΡ

69 2661 224 2730 pequiiatri
233 2661 260 2714 L
295 2661 408 2730 aptiora
424 2661 500 2732 [looa
513 2666 675 2730 quaerat-
685 2661 803 2732 pedestr.
818 2660 908 2731 oopiil
914 2661 1037 2734 aptiora]
1050 2667 1081 2718 H

105 2737 134 2786 11
153 2750 215 2787 rem
234 2731 328 2803 magis
341 2749 393 2802 per
411 2731 534 2802 [equites
549 2737 631 2804 gerat
649 2763 684 2774 -
702 2732 849 2802 peditibus
863 2748 957 2800 quaer.
972 2735 1001 2787 et
1018 2750 1078 2788 rem

69 2801 152 2872 magis
165 2803 264 2874 per]s
330 2803 452 2885 equites]
472 2804 584 2872 pedites
599 2805 628 2858 P
694 2810 727 2859 13
747 2801 868 2859 confidet
886 2803 925 2858 M
989 2807 1022 2858 16
1042 2803 1077 2858 ad

69 2870 184 2930 tentoria
202 2873 265 2955 lua]
283 2873 320 2927 ad
339 2873 480 2948 centurias
494 2874 559 2930 luas
574 2877 606 2928 H
665 2873 815 2930 iubeantur
834 2875 920 2942 (atur
938 2874 978 2943 D)
996 2893 1019 2927 π
1035 2875 1077 2929 iu·

69 2940 200 3000 bebautnr
219 2964 239 2998 α
256 2945 390 3000 iubentur
407 2949 422 2999 i
460 2945 513 3018 [et]
533 2949 549 2999 i
588 2952 623 3001 20
642 2946 765 3001 tractato
784 2964 803 2998 ec
820 2945 915 2999 tracta
933 2962 955 2999 ar
971 2948 1077 3002 tracia-

70 3012 109 3067 lm
128 3015 150 3086 Q
167 3019 307 3071 tractetur
325 3017 352 3069 L

70 3112 275 3128 *n-——un—

86 3154 109 3210 S.
127 3157 157 3213 L.
233 3159 358 3214 tleuem
378 3159 561 3230 armaturam]
584 3159 648 3214 leue
666 3161 809 3213 armatura
828 3159 859 3210 H
928 3159 1076 3232 3m0dul]

71 3241 153 3335 modli
167 3282 195 3337 A
249 3282 422 3340 oliniitram
440 3283 545 3340 malam
563 3283 592 3338 A
610 3281 719 3337 liniltrai
736 3281 842 3338 malam
862 3281 887 3338 G
941 3283 1076 3353 hostium]

72 3347 183 3407 bostiam
201 3353 239 3424 A¹
325 3353 505 3424 Spautiorel
519 3355 548 3410 A
630 3360 662 3409 11
683 3353 809 3425 confidit]
830 3351 952 3408 confidet
970 3353 1008 3407 M

74 3423 192 3496 quaerat]
213 3423 308 3493 querit
325 3425 363 3496 Al
421 3423 577 3497 equilibus]
598 3423 831 3508 aequb-zathus
845 3425 873 3478 A
930 3429 962 3480 15
982 3425 1077 3496 explo-

73 3528 148 3598 rator]
163 3515 329 3600 ‘explorator
343 3531 371 3585 α’
454 3537 487 3588 16
512 3530 610 3586 omnes
647 3498 764 3590 offlam
843 3534 876 3586 18
895 3530 1075 3602 aduersariis]

75 3595 219 3657 aduersarii
236 3604 274 3657 M
346 3607 379 3658 19
399 3600 607 3673 disparitionem
640 3601 843 3674 dispositiorem
862 3603 894 3654 H
