2604 4082
478 256 539 311 Lib.
559 256 579 325 Ι,
599 263 642 311 sc.
661 263 702 313 ec
735 279 739 286 ·
1054 255 1096 320 2'l

87 404 226 485 battone
239 423 343 466 omnes
358 408 474 484 equites
485 415 516 466 et
529 404 624 466 media
639 423 708 485 pars
723 405 856 485 peditum
871 406 908 465 ad
923 405 1097 486 propulsan-

87 493 155 553 dum
173 497 317 573 impetum
336 495 514 556 ordinantur
531 497 563 564 in
582 496 655 574 acie,
678 495 786 572 reliqui
809 500 877 573 post
899 497 980 574 ipsos
999 489 1097 555 ductis

87 582 173 642 fossis
195 583 336 644 muniunt
359 592 470 665 castra,
499 593 529 644 et
552 601 607 663 per
630 601 808 662 praeconem
831 583 993 662 indicatur,
1020 601 1096 662 quae

88 673 220 732 centuria
239 674 343 753 prima,
368 691 443 750 quae
462 672 601 752 secunda,
625 689 700 750 quae
719 673 809 732 tertia
827 689 902 750 opus
922 689 1009 731 omne
1028 689 1097 730 con·

86 759 220 838 pleuerit.
253 761 325 821 Post
338 761 426 821 hoca
445 761 671 822 centurionibus
689 761 768 820 lossa
787 762 946 840 inspicitur
965 777 998 820 ac
1018 772 1124 819 men-o

87 857 204 910 suratur
223 858 254 909 et
271 849 444 910 uindicatur
462 852 492 910 in
512 867 573 930 eos,
597 851 649 928 qui
668 849 873 928 neglegentius
897 849 1010 909 luerint
1028 865 1097 927 ope·

85 939 146 997 rati.
188 937 233 998 ld
257 937 337 998 hunc
361 956 432 1016 ergo
456 957 544 999 usum
567 938 769 998 instituendus
793 946 840 998 cst
861 939 934 1017 tiro,
958 945 1005 1017 ut,
1028 953 1097 996 cum

87 1028 247 1087 necessitas
276 1026 486 1107 postulandis,
515 1029 579 1087 sine
602 1026 827 1106 perturbatione
852 1036 883 1087 et
905 1025 1044 1087 celeriter
1068 1033 1097 1084 et

85 1124 167 1176 caute
192 1123 290 1175 castra
314 1117 410 1194 possit
432 1118 558 1176 munire.

158 1202 262 1262 XXVI.
272 1203 350 1264 Nibil
362 1206 454 1282 magis
462 1205 603 1282 prodesse
612 1211 731 1264 constat
740 1205 771 1263 in
782 1221 889 1284 pugna,
899 1223 987 1283 quam
1017 1214 1186 1256 Quem-imnum

84 1300 114 1350 ut
121 1291 247 1353 adsiduo
255 1295 397 1353 exercitio
405 1293 514 1352 milites
522 1296 553 1352 in
561 1295 623 1354 acie
631 1292 791 1371 dispositos
800 1292 920 1354 ordines
928 1311 989 1352 ser·
1000 1259 1204 1346 ἶῖῗῗῗῗῗῖοἰῖιῖῗῖ

85 1390 152 1441 uent
165 1380 278 1441 necubi
289 1391 392 1441 contra
408 1399 494 1460 quam
507 1381 626 1459 expedit
636 1389 687 1441 aut
698 1380 876 1460 conglobent
885 1399 989 1459 agmen
1000 1347 1204 1428 maspetum

84 1478 131 1528 aut
152 1469 265 1530 laxent.
288 1469 362 1529 Nam
386 1478 416 1530 et
440 1473 599 1549 constipati
622 1469 753 1549 perdunt
775 1471 868 1548 spatia
892 1470 1043 1548 pugnandi
1066 1479 1097 1530 et

84 1556 138 1616 sibi
159 1560 294 1618 inuicem
317 1558 521 1636 inpedimento
545 1568 628 1638 sunt,
653 1567 682 1618 et
706 1560 835 1618 rariores
860 1566 948 1637 atque
972 1558 1096 1618 interlu-

84 1655 181 1706 centes
197 1646 312 1707 aditum
326 1646 541 1726 perrumpendi
558 1647 695 1708 hostibus
713 1656 874 1724 praestant.
902 1647 1031 1708 Necesse
1050 1655 1096 1708 est
1111 1660 1137 1701 15

83 1741 177 1795 auum
204 1737 305 1795 statim
328 1744 409 1796 metu
429 1737 570 1795 uniuersa
594 1735 746 1816 conlundi,
770 1739 796 1796 si
819 1739 960 1797 intercisa
978 1736 1096 1798 aciead

84 1821 287 1884 dimicantium
301 1831 384 1902 terga
398 1823 493 1885 bostis
503 1826 672 1884 accesserit.
694 1823 883 1886 Producendi
898 1844 969 1904 ergo
984 1829 1097 1887 tirones

84 1919 150 1972 sunt
169 1930 290 1991 semper
309 1912 344 1972 ad
365 1931 501 1992 campum
523 1922 553 1974 et
576 1913 741 1973 secundum
765 1913 937 1974 matriculae
961 1916 1097 1975 ordinem

85 1999 113 2058 in
131 2003 226 2061 aciem
245 2000 401 2081 dirigendi,
420 2004 461 2062 ita
475 2009 509 2060 ut
523 2003 620 2081 primo
636 2001 761 2081 simplex
776 2012 806 2063 et
820 2011 938 2063 extenta
953 2005 993 2063 sit
1007 2006 1095 2081 acies,

85 2105 119 2147 ne
138 2107 214 2167 quos
234 2091 327 2170 sinus,
350 2108 388 2150 ne
408 2107 482 2168 quas
500 2089 608 2151 babeat
626 2099 812 2171 condecoras,
836 2100 870 2152 ut
892 2090 1007 2168 aequali
1026 2091 1096 2168 legi·
1111 2106 1137 2146 so

84 2177 214 2256 timeque
238 2179 334 2256 spatio
352 2177 438 2239 miles
456 2178 547 2238 distet
566 2197 582 2238 a
602 2178 705 2239 milite.
742 2179 826 2239 Tunc
845 2178 1097 2257 praecipiendum,

86 2273 117 2324 ut
138 2265 240 2326 subito
269 2265 422 2344 duplicent
448 2269 556 2346 aciem,
585 2269 625 2328 ita
647 2277 681 2328 ut
703 2270 735 2328 in
762 2269 827 2345 ipso
856 2268 970 2345 impetu
993 2267 1032 2346 ie,
1060 2266 1096 2327 ad

86 2369 170 2430 quem
191 2354 374 2434 respondere
393 2355 499 2433 solent,
518 2356 591 2416 ordo
611 2363 758 2416 seruetur.
792 2355 893 2415 'lertio
913 2357 1096 2434 praecipien-

96 2538 127 2596 V.
136 2541 167 2599 L.
205 2541 267 2597 Car.
277 2541 371 2612 XXV„
393 2548 407 2596 1
423 2543 529 2614 media]
545 2542 662 2597 dimidia
675 2542 801 2598 Eussner
850 2544 1004 2599 lienteria
1018 2545 1064 2599 aP

86 2613 325 2738 ⁰9mp¹⁶⁰⁰fi⁰ffi
338 2613 499 2736 compleant
516 2631 577 2668 enm
595 2617 652 2670 cod.
670 2613 803 2670 Vossiuno
823 2613 944 2670 Ondend.
1018 2622 1035 2696 Γ(
1055 2615 1096 2670 in-

85 2679 250 2755 ltrtuendul]
271 2683 278 2696 ‘
325 2701 392 2738 ruen
413 2683 447 2739 us
463 2688 500 2753 H,
526 2691 558 2740 nt
575 2687 633 2755 ipse
651 2687 798 2742 correxisse
815 2687 946 2740 uideatur
964 2688 1098 2742 librarius

152 2760 169 2809 8
189 2754 319 2809 celeriter
338 2754 380 2826 [et
398 2757 492 2828 ecrite]
512 2775 525 2810 ε
600 2761 616 2810 9
635 2756 769 2826 pollinis

151 2825 216 2880 Car.
234 2825 334 2880 XXVI.
372 2828 525 2896 Inscriptio
543 2829 617 2882 obest
636 2845 654 2880 u
674 2828 720 2896 P„
742 2829 789 2882 seri
806 2833 831 2882 et
849 2828 881 2880 in
899 2828 948 2880 boc
966 2827 1055 2881 codiee
1073 2832 1098 2881 et

83 2893 113 2948 in
131 2915 143 2950 ε
162 2903 248 2966 capnt
266 2898 301 2951 ab
320 2898 363 2952 bis
381 2898 472 2952 nortis
490 2899 527 2952 ad
546 2899 751 2967 inscriptionem
766 2899 967 2968 pertinentibus
984 2897 1097 2966 incipit:

85 2963 120 3018 vt
129 2969 198 3037 (Aut
207 2969 237 3038 α)
252 2966 282 3021 in
296 2966 357 3022 acie
372 2967 484 3024 ordines
495 2971 524 3022 et
536 2966 688 3024 interualla
702 2969 866 3024 custodiant.
905 2975 938 3022 13
953 2968 1054 3023 lassent
1068 2971 1099 3023 H

151 3040 182 3093 et
200 3037 316 3108 conltip.
333 3041 410 3093 —et
428 3039 572 3095 rariorels
593 3041 622 3094 et
641 3039 756 3110 conltip.
773 3040 863 3094 -ita
881 3057 934 3094 rar.
951 3042 968 3094 d
985 3043 1018 3094 ut
1033 3057 1096 3095 con·

85 3105 142 3178 bip.
162 3141 196 3150 -
215 3108 259 3164 ita
276 3127 329 3165 rar,
350 3111 408 3164 ΠΡ
464 3111 584 3181 perdent
605 3111 641 3182 (ἦ
704 3117 737 3165 15
755 3111 908 3183 praestant]
929 3111 1037 3166 debunt
1055 3113 1102 3166 dP

153 3186 186 3236 16
206 3181 236 3234 in
255 3179 316 3235 scie
334 3181 382 3235 oP
479 3187 511 3237 19
530 3181 648 3252 dmplex
669 3184 697 3236 et
721 3185 832 3238 extenta
850 3184 881 3235 H
904 3181 1024 3252 simplex
1044 3183 1097 3254 [et]

85 3251 193 3306 extense
212 3252 275 3306 εὸΡ
353 3257 387 3305 22
406 3251 432 3306 is
447 3253 483 3307 cd
497 3271 519 3306 n
537 3253 592 3308 else
611 3253 648 3308 cd
667 3273 686 3324 or
712 3252 762 3324 [ir]
782 3255 818 3308 ed
838 3254 862 3324 Q

87 3360 295 3371 w-

47 3415 55 3419 '
103 3410 127 3464 S.
145 3412 175 3466 t.
213 3411 276 3467 Oce.
297 3411 382 3466 XXV.
411 3410 632 3481 loompleuerit
653 3415 684 3466 H
736 3413 816 3484 bac]
836 3413 891 3468 hac
909 3408 947 3467 M
997 3419 1098 3483 lineg-

87 3478 235 3554 legentiul]
253 3482 357 3537 -enticl
366 3482 415 3552 Ap
487 3483 705 3553 8poltolaucrit
725 3484 763 3537 M
893 3519 896 3526 ·

155 3550 215 3608 Ore.
234 3553 334 3608 XXVI.
373 3560 404 3609 11
425 3553 531 3609 alfiano
550 3559 581 3608 H
634 3560 666 3609 13
686 3555 787 3636 spatia]
808 3553 939 3624 speciae
995 3560 1028 3608 14
1047 3554 1097 3608 im·

88 3623 243 3688 pedimento
263 3625 295 3677 H
364 3630 396 3680 19
415 3625 523 3697 fimpex
541 3625 579 3681 M
655 3631 688 3680 al
709 3642 726 3680 c
744 3625 854 3680 m1litae
873 3627 911 3679 M
