2576 4080
192 236 235 300 92
366 237 373 254 ·
601 237 662 291 nio.
682 236 729 305 111,
750 242 791 292 10.

193 392 261 446 ante
276 385 445 466 temptanda
461 394 544 466 sunt,
559 405 634 465 quae
649 387 675 445 si
691 385 765 445 male
781 386 943 462 cesserint,
961 385 1059 444 minus
1074 393 1215 463 noceant,

194 472 320 554 sibene,
334 473 497 552 plurimum
513 477 638 552 prosint.
662 473 744 534 luter
758 473 860 533 hostes
876 473 1092 533 discordiarum
1108 490 1213 533 serere

193 581 298 623 causas
327 565 470 642 sapientis
498 570 544 623 est
572 562 665 623 ducis.
710 561 796 622 Nulla
820 564 900 622 enim
924 563 1061 640 quamuis
1089 563 1213 621 minima

194 653 274 712 natio
298 658 399 730 potest
421 650 457 711 ab
482 651 662 712 aduersariis
685 650 848 731 perceleri,
872 652 929 710 nisi
952 651 1082 729 propriis
1107 649 1212 710 simul-

166 738 305 801 statibns
329 759 360 800 se
378 741 445 818 ipsa
464 741 692 819 consumpserit.
734 739 808 800 Nam
827 739 915 800 ciuile
936 738 1035 798 odium
1057 736 1093 797 ad
1113 739 1213 798 inimi·

194 847 299 912 eorum
318 830 481 908 perniciem
500 846 644 907 praeceps
664 836 722 906 est,
742 828 778 888 ad
794 827 952 888 utilitatem
972 845 1042 887 suae
1062 826 1211 886 delensis·

194 919 241 977 nis
259 919 421 978 incautum.
458 916 556 976 Unum
576 916 648 976 illud
669 919 763 977 estin
784 916 841 976 hoc
859 933 950 995 opere
968 914 1213 995 praedicendum,

193 1013 227 1066 ut
245 1023 333 1066 nemo
353 1005 492 1084 desperet
510 1005 577 1066 sieri
594 1023 682 1084 posse
699 1022 774 1084 quae
789 1005 866 1066 sacta
881 1012 959 1064 snut.
991 1003 1076 1064 Dicat
1090 1002 1216 1082 aliquis:

194 1093 279 1154 Multi
304 1095 373 1153 anni
392 1101 475 1174 sunt,
500 1092 609 1172 quihus
629 1093 728 1155 nullus
748 1094 826 1154 sossa
846 1110 953 1172 aggere
973 1090 1110 1171 ualloque
1130 1110 1214 1151 man·

154 1195 180 1234 1⁰
195 1199 299 1241 surum
319 1181 484 1242 circumdat
502 1184 674 1243 exercitum.
712 1181 966 1261 Respondebitur:
986 1179 1019 1240 Si
1033 1182 1139 1240 suisset
1154 1182 1214 1241 ista

195 1268 318 1349 cautela,
330 1269 403 1330 nihil
418 1273 558 1332 nocturni
572 1278 623 1332 aut
632 1271 734 1331 diurni
744 1277 947 1349 superuentus
956 1268 1090 1329 hostium
1101 1287 1215 1330 nocere

194 1360 371 1438 potuissent.
413 1358 520 1420 Persae
544 1361 694 1420 imitantes
717 1358 866 1420 Romanos
888 1358 987 1418 ductis
1006 1358 1094 1418 sessis
1114 1365 1216 1417 castra

195 1449 395 1526 constituunt,
419 1456 463 1528 et,
487 1449 556 1526 quia
579 1447 724 1508 harenosa
754 1455 824 1507 sunt
846 1465 939 1526 prope
963 1447 1075 1524 omnia,
1099 1463 1215 1527 saccos,

196 1554 270 1613 qnos
294 1538 397 1596 inanes
421 1543 626 1614 portauerant,
655 1554 691 1596 ex
715 1535 939 1616 puluerulenta,
962 1553 1037 1613 quae
1061 1535 1214 1615 effoditur,

156 1636 182 1676 15
196 1633 276 1683 terra
296 1623 445 1702 complent
463 1642 627 1703 eorumque
647 1624 766 1685 cumulo
786 1641 923 1704 aggerem
944 1623 1064 1685 iaciunt.
1101 1622 1215 1684 Omnes

194 1711 313 1771 barbari
329 1713 423 1772 carris
438 1713 501 1773 suis
515 1715 545 1772 in
561 1713 664 1774 orbem
680 1714 801 1774 conexis
816 1713 851 1774 ad
868 1712 1090 1773 similitudinem
1101 1719 1215 1772 castro-

195 1818 263 1859 rum
278 1818 399 1860 securas
420 1819 435 1860 a
455 1801 689 1880 superuentibus
708 1805 830 1881 exigunt
851 1809 963 1862 noctes.
1000 1798 1155 1881 Veremur,
1175 1819 1213 1860 ne

195 1887 311 1948 discere
336 1905 519 1968 nequeamus
543 1908 619 1968 quae
644 1909 659 1950 a
684 1889 770 1951 nobis
789 1890 839 1950 alii
857 1885 1049 1966 didicerunt?
1074 1888 1154 1950 llaec
1175 1907 1215 1950 ex
1283 1935 1284 1944 ,

197 1995 253 2036 usu
283 1976 428 2056 librisque
462 1987 546 2040 antea
579 1979 790 2058 seruabantur,
821 1978 873 2039 sed
903 1979 1012 2038 omissa
1043 1977 1095 2038 diu
1124 1995 1214 2038 nemo

155 2078 183 2117 ²⁰
199 2068 360 2148 quaesiuit,
380 2069 448 2145 quia
467 2067 638 2147 uigentibus
652 2070 734 2146 pacis
749 2067 854 2127 officiis
868 2065 975 2146 procul
994 2064 1096 2126 aberat
1110 2085 1216 2127 neces-

197 2155 269 2215 sitas
284 2152 363 2216 belli.
393 2155 451 2216 Sed
471 2175 509 2216 ne
530 2155 703 2234 inpossibile
717 2157 856 2216 uideatur
870 2157 1003 2234 reparari
1018 2154 1215 2236 disciplinam,
1282 2175 1283 2190 ¹

196 2245 282 2304 ouius
311 2262 384 2304 usus
408 2244 574 2325 intercidit,
599 2245 759 2305 doceamur
783 2243 934 2323 exemplis.
983 2243 1068 2322 Apud
1092 2251 1215 2304 ueteres

211 2395 245 2450 V.
265 2396 295 2452 L.
351 2397 475 2452 iserera
494 2396 559 2450 th
575 2396 633 2452 sere
653 2399 681 2451 α’
699 2397 768 2451 scire
787 2397 814 2451 G
833 2395 964 2452 disserere
983 2398 1013 2448 H
1071 2394 1167 2464 bipsri
1185 2399 1217 2449 Π
1281 2443 1282 2448 ,

248 2465 354 2520 ssossa
377 2483 479 2537 aggere
502 2467 550 2521 uel
568 2467 679 2523 uallet
704 2467 775 2523 sossai
802 2467 864 2536 agii
887 2467 1056 2536 ualloqued
1078 2465 1149 2521 fossa
1167 2466 1216 2521 uel
1281 2479 1282 2540 ᾗ

195 2537 563 2675 sssmustumat
629 2537 904 2692 etratus
932 2539 1216 2664 ,scamus

192 2610 313 2731 iiiiin
329 2627 440 2732 secerni
454 2626 807 2761 eruperueiienubirai’
863 2679 962 2736 noctes
979 2626 1145 2760 (hocoocoi
1183 2749 1190 2761 ⁶
1280 2737 1281 2750 ,

193 2751 258 2816 scr.)
279 2749 381 2804 lacuna
398 2766 433 2804 ne
452 2749 557 2804 discere
576 2750 757 2818 quereremus
771 2754 802 2804 Π
857 2756 889 2806 18
907 2751 985 2806 Haec
1004 2767 1038 2804 ex
1056 2748 1106 2803 usu
1123 2749 1216 2805 libris·
1280 2777 1281 2790 2

195 2835 250 2887 que
270 2819 299 2873 P
319 2820 347 2876 h.
368 2836 390 2875 e.
411 2838 438 2874 u.
461 2819 595 2894 librisqup
614 2822 650 2876 A’
674 2822 701 2876 h.
722 2839 745 2877 e.
765 2824 829 2879 ul
855 2837 926 2890 quae
947 2822 984 2876 Μ
1005 2821 1032 2876 h.
1056 2819 1106 2874 usu
1123 2819 1216 2874 libris·

195 2890 807 3033 melitinensem
821 2891 1090 3019 saclusa

198 3001 345 3100 paciiliP
393 3050 420 3086 n.
434 2981 630 3104 b.]qbellorum
643 3052 670 3088 n.
684 3035 769 3106 culpo
816 3040 849 3089 21
861 2982 1003 3105 ieparari]
1022 3049 1080 3102 rep.
1094 3031 1172 3102 posse
1187 3035 1219 3086 Π

249 3106 284 3155 22
303 3101 454 3158 doceamur
472 3104 530 3157 ΠΡ
550 3102 702 3160 doceamus
717 3107 734 3159 δ
752 3105 884 3161 docemur
903 3125 916 3160 s

213 3242 241 3297 s,
260 3241 290 3297 u.
364 3243 551 3315 iperium]
571 3262 638 3316 -ομ
711 3246 818 3318 sipla]
836 3246 895 3317 spa
915 3267 934 3300 a
995 3243 1217 3319 eaerennonu]
1278 3201 1279 3208 Ν

195 3312 381 3369 descensionis
396 3318 426 3369 Π
507 3322 540 3371 10
559 3317 726 3389 exercitum]
745 3317 921 3400 exercitui}
996 3321 1029 3371 15
1048 3317 1219 3386 conplentt

195 3455 260 3537 bem
267 3385 657 3527 aggerepfflpapgcgplrehgm,
672 3394 704 3513 ΙΑβ
720 3387 929 3531 pcriiiiiieucearili
941 3407 971 3514 il
1037 3386 1219 3528 ppbpfflouffp

195 3526 302 3654 ppppmlg
314 3533 423 3656 decidii
437 3529 522 3654 plius]
546 3529 597 3584 usu
617 3529 643 3584 α’
734 3529 891 3601 intercidit]
918 3527 1069 3585 intercedit
1090 3530 1118 3583 α’
1143 3529 1221 3585 inter

1142 2683 1216 2734 .a2
1280 2707 1281 2730 t
