2604 4082
451 229 512 284 nie.
530 227 565 298 11,
587 234 610 285 1.
630 237 656 284 2.
1023 229 1067 295 35

21 395 22 444 l
61 397 93 439 ex
108 397 140 439 re
159 380 223 458 ipso
239 386 329 458 atque
348 396 440 457 opere
459 379 594 438 exercitii
613 395 722 439 nomen
741 380 864 457 aceepit,
883 388 917 439 ut
936 381 964 440 ei
982 398 1067 441 num·

61 485 141 546 quarn
156 467 262 528 liceret
280 467 418 528 obliuisci
436 466 516 547 qood
536 466 709 528 nocebatur.
746 465 856 527 Verum
873 469 933 548 ipsi
951 469 1068 547 pedites

21 577 22 586 ¹
59 559 87 617 in
105 556 178 640 dues
201 557 291 617 diuisi
313 563 385 617 sunt
406 563 517 636 portes,
538 555 597 616 hoe
619 564 667 616 est
689 557 721 616 in
745 555 853 617 auxilia
874 564 905 617 et
926 556 1067 636 legiones,

61 646 112 706 Sed
139 646 246 707 milia
269 663 286 706 a
309 646 398 706 sociis
422 645 475 706 uel
502 643 665 706 foederatis
692 644 831 724 gentibus
859 645 1067 727 mittebantur3

60 734 180 796 liomena
209 744 308 795 autern
337 736 436 796 uirtus
463 735 624 813 praecipuo
651 737 684 794 in
707 734 857 813 legionum
880 733 1094 795 ordinationes

60 823 222 904 praepollet.
262 821 355 902 Legio
377 831 477 884 eutem
501 821 537 882 uh
566 821 703 902 eligendo
732 821 876 902 appellata
900 831 959 900 est,
988 823 1068 902 quod

60 912 230 974 unaldum
254 929 358 973 eorusn
382 911 532 972 desiderat
554 911 643 972 tidem
672 919 761 990 atque
790 911 985 994 diligentiam,
1015 914 1067 991 qui

59 1001 156 1063 milites
169 1001 309 1082 probent
332 999 366 1060 ln
381 999 497 1061 auxiliis
507 1001 614 1082 minor,
621 1002 654 1061 in
668 999 835 1080 legionibus
845 999 933 1080 longe
943 1001 1067 1080 amplior

59 1093 207 1152 consueuit
218 1089 647 1151 militumnumerusadseribi.
670 1088 705 1149 ss.
720 1088 853 1168 Denique
864 1088 959 1150 linee-
970 1127 1174 1171 mmmm

59 1169 140 1240 dones
157 1179 268 1240 Groeei
286 1178 415 1239 Derdard
432 1177 592 1258 phalangos
610 1177 790 1259 habuerunt,
804 1181 883 1238 utin
903 1173 1173 1239 une⁸‘⁸¹¹¹¹¹⁸²⁰*⁰‘'¹‘·

58 1267 190 1348 phalange
208 1275 455 1330 armatorumvm
469 1267 549 1328 milis
564 1275 769 1328 censerentur.
793 1265 867 1327 Gdtt
882 1275 970 1346 atque
981 1267 1067 1328 Celti-

57 1355 286 1437 lreripluresque
301 1355 444 1418 barbaros
461 1358 596 1417 notiones
612 1357 742 1416 oeternis
756 1355 918 1416 utebantur
931 1358 962 1415 in
981 1374 1067 1435 proe-

58 1444 98 1524 lio,
109 1449 141 1507 in
158 1444 274 1526 quibus
293 1454 378 1506 erant
390 1462 463 1506 sens
478 1444 557 1506 milia
574 1453 764 1507 armatorum.
797 1443 922 1504 Romani
935 1443 1068 1522 legiones

58 1533 169 1616 hebent,
199 1536 232 1594 in
256 1533 365 1614 quihus
389 1533 513 1613 singulis
537 1551 608 1594 sena
636 1532 731 1613 milia,
760 1533 911 1594 interdum
941 1532 1067 1612 amplius

56 1623 173 1684 militare
193 1630 389 1684 consuerunt.
425 1622 505 1693 Quid
524 1631 624 1684 sutem
646 1624 727 1683 inter
749 1621 881 1702 legiones
903 1630 935 1683 et
959 1621 1107 1683 auxiliare

56 1711 193 1774 interesse
215 1711 361 1792 uideatur,
387 1711 549 1792 expediam.
584 1710 751 1772 Auxilinres
770 1729 839 1771 eum
857 1711 1010 1772 ducuntur
1027 1710 1064 1771 ed

56 1801 205 1883 proelium,
230 1818 266 1861 ex
285 1799 414 1861 diuersis
435 1801 518 1882 locis,
541 1818 580 1860 ex
599 1799 729 1860 diuersis
746 1803 881 1860 numeris
900 1801 1066 1880 uenientes,

56 1907 104 1950 nee
131 1889 289 1968 discipline
315 1891 396 1950 inter
419 1908 451 1949 se
475 1907 531 1949 neo
556 1891 660 1950 notitia
683 1906 739 1949 neo
762 1887 918 1950 allectione
941 1907 1066 1950 consen·
1108 1958 1112 1964 ,

56 1980 133 2040 dunt.
174 1978 241 2039 Alio
267 1980 421 2058 instituite,
450 1976 524 2038 elius
550 1981 632 2039 inter
656 1995 707 2038 eos
731 1984 777 2038 est
801 1996 878 2040 usos
906 1996 1066 2038 umorum,

55 2064 177 2128 Necesse
202 2075 248 2127 est
270 2074 371 2127 sutem
389 2067 504 2128 tardius
524 2067 560 2126 sd
579 2068 737 2127 uictoriam
755 2068 917 2144 peruenire
937 2068 989 2144 qui
1007 2065 1066 2124 dis-
1081 2080 1107 2120 eo

57 2166 180 2236 erepant,
207 2164 364 2234 antequam
381 2155 534 2216 dimicent
572 2155 706 2234 Denique
725 2172 795 2215 oum
817 2157 848 2214 in
870 2153 1065 2232 expeditioni·

56 2241 105 2304 bus
126 2245 291 2325 plurimum
315 2247 411 2322 prosit
434 2261 538 2305 omnes
560 2244 671 2305 milites
694 2245 784 2304 unius
807 2243 959 2321 proeoepti
975 2242 1067 2320 signi·

71 2432 100 2485 V.
117 2435 147 2488 L.
207 2439 323 2486 lexre
342 2431 415 2502 ipsa]
435 2449 468 2486 ex
487 2449 517 2487 re
536 2432 645 2502 inipso
664 2435 695 2486 H
746 2429 869 2486 etieeet
887 2429 932 2484 do
984 2429 1066 2500 3[in

58 2503 154 2560 auxilio
174 2506 205 2560 et
222 2502 354 2573 legiones.
391 2502 493 2575 Sed]s
569 2504 662 2574 luel]
683 2504 748 2557 old
820 2500 973 2574 5[uiriul]
993 2502 1025 2554 Π

118 2575 181 2632 Cer.
200 2575 237 2629 ll.
262 2579 280 2628 9
299 2573 469 2629 meosdonsl
484 2573 573 2646 Επθ,
593 2573 767 2629 maeeliunel
779 2572 814 2644 (ἦ
837 2571 964 2628 aeliensi
974 2571 1023 2643 Ap

58 2651 85 2698 tt
101 2645 259 2717 phalanges
274 2644 305 2699 E
325 2644 483 2716 phalanges
498 2648 530 2699 H
549 2645 678 2716 falanges
693 2644 759 2699 och
778 2643 953 2714 fellengelp
1035 2646 1068 2698 ult

58 2745 85 2754 -
99 2717 275 2774 censerentur
289 2715 332 2770 Ee
349 2715 404 2788 [ni]
420 2747 453 2757 -
468 2717 653 2772 senlebontur
667 2719 698 2770 Π
708 2719 738 2770 el
753 2748 785 2756 -
800 2714 966 2770 censuerunl
980 2714 1027 2767 dP

58 2793 85 2840 11
102 2789 245 2858 pltnlunge
264 2789 294 2841 Π
310 2787 425 2858 iulenge
444 2789 520 2842 eDP
536 2789 680 2856 phalange
698 2787 729 2841 E
745 2785 861 2855 solonge
874 2785 901 2839 V
952 2790 985 2838 12
1004 2785 1067 2838 bar-

57 2856 132 2914 barae
141 2859 194 2914 Επ
204 2857 390 2916 borborieeee
427 2859 552 2941 proelio]
560 2858 700 2926 proslieA
738 2863 771 2912 1s
782 2875 845 2912 eum
857 2855 897 2926 d]
908 2854 1067 2910 eondueun-

58 2928 96 2982 lut
112 2933 197 3002 uulgo
253 2935 286 2984 1'l
309 2945 344 2983 ex
361 2929 478 2984 dinerlil
498 2929 569 2984 loe1l
588 2947 623 2984 ex
647 2930 704 2984 diu.
725 2927 849 2984 numeris
869 2925 937 2981 A'H
958 2943 992 2981 ex
1010 2926 1067 2980 diu.

58 2997 119 3054 looil
138 3003 169 3057 ei
191 3001 249 3057 din.
272 3018 347 3056 num.
367 3001 413 3055 dP
438 3000 485 3072 [ex
508 3000 564 3056 diu.
588 3002 620 3073 l.]
645 3018 679 3055 ex
702 2999 820 3055 niuerfit
838 2996 997 3068 numerilp

60 3075 87 3122 ts
103 3071 170 3128 ditet
190 3073 249 3128 line
267 3103 302 3112 -
321 3071 438 3126 notities
463 3103 497 3112 -
520 3072 696 3127 effectionit
747 3071 824 3125 inter
849 3069 901 3140 [le]
921 3071 952 3123 Π
1001 3086 1068 3124 eon-

59 3091 190 3216 tentione}
203 3141 355 3198 eonlistunl
377 3143 431 3197 VP
502 3149 536 3198 19
555 3143 625 3215 elie]
644 3143 714 3198 telio
733 3162 752 3196 α
769 3142 843 3196 inter
860 3141 965 3194 inlisi

60 3249 263 3261 *un-n—

74 3317 98 3372 S.
111 3321 142 3376 L.
180 3319 350 3376 tiederelil
365 3321 396 3374 H
435 3321 641 3390 delegendos
685 3319 841 3390 appellate]
863 3317 1065 3389 appellandae

122 3391 185 3447 Cer.
204 3391 238 3447 II.
277 3398 308 3446 11
328 3391 410 3463 gelli]
427 3391 513 3461 gellii
529 3412 550 3446 oc
642 3397 674 3446 12
694 3390 802 3461 plnres]
831 3387 922 3460 pluris
936 3389 973 3459 A,
1029 3461 1031 3464 ι

59 3461 173 3539 Qtsrbil
187 3464 224 3534 A,
282 3463 391 3532 proelio
405 3463 436 3516 E
491 3469 523 3518 16
541 3463 700 3534 expediam]
721 3460 905 3532 expediunt
975 3466 1007 3515 18
1025 3459 1067 3514 di-

60 3527 180 3605 lerplina]
200 3533 378 3604 disciplinam
392 3554 411 3588 α
452 3534 595 3602 (notitiem
615 3565 648 3574 -
669 3533 846 3588 affectionem
865 3532 900 3600 G)
938 3537 971 3584 21
992 3532 1067 3584 demi

61 3605 117 3657 cent
134 3604 171 3675 A,
251 3611 284 3659 22
303 3603 449 3676 praecepti
468 3605 499 3678 1.]
521 3605 681 3676 praeceptis
698 3604 716 3658 1.
736 3607 766 3658 Π

869 3689 906 3741 3*
