2604 4082
66 211 68 218 ‘
121 279 126 286 Ν,
203 211 247 305 up
626 212 685 267 uio.
705 210 752 278 nr,
771 217 796 266 a.

202 309 428 442 pdssessoribns
447 360 498 422 sed
515 363 602 422 etiam
617 364 727 422 coactis
747 378 801 440 per
820 359 931 423 electos
950 368 1161 440 prosecutores
1182 361 1220 422 ad

203 449 322 512 cattella
336 449 442 511 idonea
457 458 487 511 et
502 458 683 511 armatorum
698 450 813 510 firmata
826 447 984 528 praesidiis
998 448 1048 509 nel
1057 449 1092 510 ad
1106 451 1221 510 tutissi-

202 521 264 599 mat
284 538 499 600 conterendum
519 547 565 599 est
584 541 720 600 ciuitates
739 537 945 617 arguendique
961 537 1170 619 prouinciales,
1188 548 1220 599 ut

202 635 269 689 ante
293 629 497 707 inruptionem
520 646 612 708 seque
637 635 667 688 et
689 645 743 687 sua
766 625 921 686 moenibus
944 626 1079 687 condant.
1123 626 1220 706 Repa-

174 730 187 771 5
202 718 277 777 ratio
293 718 382 777 etiam
393 735 548 778 murorum
562 724 840 793 tormentorumque
855 716 988 775 omnium
1002 722 1070 774 ante
1085 714 1218 775 curanda

202 813 255 866 est.
301 803 375 865 Nam
403 807 430 865 si
457 805 549 865 semel
577 805 678 865 hostes
700 805 913 884 praeuenerint
936 811 1111 882 occupatos,
1135 812 1220 864 metu

201 896 344 955 uniuersa
366 892 541 975 turbantur,
564 899 594 954 et
617 910 693 972 quac
716 911 753 953 ex
771 891 836 952 aliis
855 891 981 952 urbibus
1000 892 1128 970 petenda
1147 901 1221 954 sunt
1289 938 1293 967 2

201 981 372 1044 interclusis
400 981 557 1043 itineribus
586 981 778 1060 denegantur.
828 979 886 1042 Sed
916 979 1010 1041 fidelis
1038 980 1220 1042 horreorum

202 1070 336 1131 custodia
355 1077 385 1130 et
403 1072 534 1149 erogatio
553 1069 705 1132 moderata
723 1071 882 1131 consueuit
901 1069 1039 1129 sulficere
1053 1087 1108 1148 pro
1123 1072 1219 1149 copia,
1288 1116 1293 1128 .

162 1174 188 1214 ro
201 1160 327 1218 maxime
352 1160 377 1218 si
401 1157 436 1218 ab
461 1160 545 1219 initio
568 1166 756 1238 procuretur.
794 1157 934 1218 Ceterum
952 1175 1018 1218 sera
1036 1159 1220 1236 parsimonia

201 1254 248 1307 est
266 1255 338 1307 tunc
357 1265 488 1328 seruare,
507 1265 577 1309 cum
595 1246 703 1308 delicit.
736 1246 769 1306 ln
789 1245 1028 1324 expeditionibus
1047 1245 1148 1306 arduis
1164 1265 1220 1326 per
1291 1257 1293 1309 t

201 1337 296 1414 capita
315 1337 408 1414 magis
428 1336 553 1398 militum
574 1353 662 1416 quarn
680 1353 734 1415 per
752 1334 911 1413 dignitates
930 1333 966 1394 ab
986 1335 1117 1414 antiquis
1131 1353 1218 1414 prae-

201 1423 348 1485 bebantur
368 1442 516 1504 annonae,
534 1427 574 1486 ita
594 1432 627 1484 ut
646 1425 713 1502 p'ost
732 1424 940 1484 necessitatem
959 1423 1072 1483 eisdem
1090 1439 1107 1481 a
1127 1441 1218 1503 repu-
1291 1425 1292 1430 ’

200 1511 277 1573 blica
291 1511 497 1574 redderentur.
538 1512 640 1574 llieme
659 1512 809 1590 lignorum
827 1519 859 1572 et
876 1510 986 1592 pabuli,
1000 1517 1112 1572 aestate
1128 1530 1217 1591 aqna-

160 1617 185 1658 1s
200 1619 267 1661 rum
287 1601 407 1662 uitanda
427 1608 474 1661 est
491 1601 657 1662 dillicultas.
685 1599 841 1661 Frumenti
859 1617 932 1660 uero
953 1606 984 1659 et
998 1601 1074 1660 aceti
1088 1599 1138 1660 uel
1153 1603 1218 1662 uini
1291 1601 1296 1673 ἢ

199 1707 255 1750 nec
274 1707 334 1749 non
353 1691 442 1750 etiam
461 1689 529 1750 salis
549 1692 630 1750 omni
647 1698 781 1769 tempore
797 1690 958 1749 necessitas
973 1687 1157 1770 declinanda,
1177 1691 1218 1749 ita

200 1785 234 1837 ut
254 1777 343 1838 urbes
362 1784 450 1857 atque
470 1778 589 1859 castella
603 1777 639 1838 ab
653 1778 701 1838 his
720 1776 877 1858 militibus,
897 1778 949 1854 qui
968 1777 1067 1837 minus
1084 1780 1218 1856 prompti

199 1867 395 1926 inueniuntur
414 1868 445 1927 in
464 1869 535 1946 acie,
556 1869 645 1927 armis
666 1867 780 1944 sagittis
794 1863 950 1945 lustibalis,
964 1863 1065 1926 lundis
1081 1867 1171 1926 etiam
1186 1874 1216 1926 et
1295 1935 1296 1939 η

200 1955 277 2014 saxis
292 1957 410 2034 onagris
425 1954 610 2035 ballistisque
625 1954 831 2016 defendantur.
853 1952 1077 2033 Praecipueque
1092 1956 1216 2032 nitetur,

160 2060 186 2100 ro
199 2061 237 2104 ne
257 2043 498 2105 aduersariorum
517 2043 584 2104 dolo
604 2051 691 2122 atque
711 2044 851 2122 periuriis
866 2041 1032 2120 decipiatur
1046 2044 1217 2121 prouincia·

199 2131 273 2192 lium
291 2134 408 2193 incanta
429 2132 610 2212 simplicitas.
647 2129 848 2209 Frequentius
867 2131 946 2190 enim
966 2133 1217 2192 commerciorum

198 2223 339 2300 pacisque
367 2220 517 2282 simulatio
546 2219 675 2280 credulis
704 2237 793 2298 quam
820 2236 900 2278 arma
924 2223 1101 2281 nocuerunt.
1152 2219 1216 2290 Qua

216 2409 250 2462 V.
261 2407 290 2461 b.
330 2405 884 2477 1poliellionibusApolleilionilbniM
915 2405 1140 2476 prosecutorel'G
1154 2425 1215 2494 per·
1294 2437 1295 2474 q

198 2476 337 2533 secutores
345 2480 371 2530 α’
386 2477 576 2547 perforatores
582 2483 596 2532 t
612 2478 774 2534 executores
783 2498 805 2533 n
850 2477 994 2546 3nrgendi
1003 2497 1024 2532 π
1071 2477 1186 2532 chobri
1197 2498 1216 2546 μ

251 2549 462 2618 praeueneritp
512 2549 657 2619 occupatis
668 2552 719 2618 μΠ
761 2546 889 2604 8lidelil'
902 2548 1066 2603 horreorum
1083 2545 1216 2604 Guiacins

197 2620 276 2684 (teate
286 2617 358 2687 Sor.)
368 2618 447 2673 fideli
461 2618 519 2674 lori
530 2636 626 2674 eornm
637 2620 674 2674 A’
690 2619 781 2675 fidelis
791 2619 849 2674 lori
861 2635 956 2674 eorum
970 2640 990 2688 μ
1004 2617 1137 2684 fidelibus
1152 2621 1217 2673 bor-

197 2706 309 2745 reorum
324 2693 354 2743 Π
365 2688 457 2744 fidelis
468 2705 614 2746 aureorum
629 2692 676 2744 dP
710 2696 743 2744 10
757 2690 941 2760 procurentur
954 2691 1038 2760 uulgo
1077 2691 1214 2745 liturus

252 2759 359 2844 deficit]
383 2759 488 2816 defecit
510 2763 537 2815 α’
561 2761 659 2816 difecit
677 2761 712 2830 G,
797 2761 855 2815 ard.
879 2776 921 2815 ex.
945 2762 1029 2830 uulgo
1112 2765 1145 2815 15
1165 2762 1216 2815 nit.

199 2831 250 2903 eit]
269 2831 355 2887 bitan
374 2831 482 2887 necesse
501 2832 541 2888 eit
559 2836 588 2886 Π
640 2832 780 2887 frumenti.
799 2830 876 2886 Verri
888 2832 936 2900 Ap
986 2831 1124 2956 fflnini
1143 2832 1218 2903 [nel]

198 2902 272 2957 aceti
294 2904 378 2972 culpo
470 2911 502 2959 16
521 2903 562 2959 ita
588 2903 631 2985 ut]
655 2902 751 2970 itaque
774 2905 806 2956 Π
848 2965 851 2969 .
894 2907 926 2956 la
951 2901 986 2956 ba
1046 2900 1070 2955 rl
1091 2918 1162 2957 corr.
1186 2905 1218 2957 in

196 2971 306 3027 balistis
321 2977 351 3026 Π
372 2972 508 3028 belliltris
524 2974 550 3027 α’
573 2972 683 3028 balistis
704 2973 806 3028 GLdP
825 2971 948 3027 balistril
966 2972 989 3042 Q
1062 2971 1171 3029 uitetur
1189 2977 1220 3027 Π

200 3042 401 3098 Korttianns2
420 3044 534 3100 uidetur
547 3064 566 3112 μ
585 3048 696 3098 notetur
710 3046 746 3099 A*
762 3043 918 3099 canendum
932 3043 1044 3098 uidetur
1058 3044 1076 3097 d
1093 3041 1217 3113 uidetur,

198 3115 230 3168 in
247 3114 372 3183 margine
390 3114 487 3168 addito
505 3115 674 3181 cauendum,
695 3115 724 3168 P

218 3291 244 3347 s.
264 3291 295 3345 n.
369 3288 522 3359 recantas]
541 3290 670 3372 qumans
683 3291 720 3361 n,
806 3259 997 3347 21o0n0⁸¹n
1067 3289 1218 3361 aproniu-

199 3359 284 3416 tinlel
304 3382 324 3430 μ
413 3365 431 3414 4
454 3359 657 3432 inruptionem]
681 3360 840 3430 inruptione
861 3364 888 3416 α’
912 3361 1096 3432 irruptionem
1117 3363 1149 3416 Π

200 3431 371 3501 tcondsnt]
392 3433 456 3486 ·nnt
473 3433 512 3486 M
526 3433 585 3503 (0,)
641 3431 842 3504 noncupatol]
864 3432 910 3488 -ul
924 3433 959 3487 A*
1020 3433 1217 3504 tturbuntur]

200 3501 330 3556 turbetur
347 3506 378 3556 H
425 3503 559 3576 petendu]
579 3504 710 3558 metenda
729 3507 760 3557 H
808 3509 840 3558 tt
860 3502 986 3574 prompti
1003 3503 1031 3557 A
1079 3507 1113 3558 18
1132 3504 1218 3575 lugit-

200 3571 345 3644 intingis
360 3577 398 3644 Πι
476 3579 508 3628 19
527 3574 661 3646 bonagril'
675 3571 710 3628 A'
