2576 4080
204 223 268 288 108
614 219 676 276 Lib.
694 219 743 288 IlI,
762 226 805 276 20.

202 389 312 450 genere
327 379 546 450 conponuntur.
577 369 663 441 Quod
678 371 704 429 si
718 368 773 429 tibi
791 371 875 447 prior
893 367 1085 428 aduersarius
1103 367 1221 444 lecerit,

202 460 278 541 illos,
293 477 369 539 quos
383 469 451 539 post
465 462 558 521 aoiem
574 459 854 538 supernumerarius
869 457 999 518 diximus
1013 455 1122 516 debere
1138 459 1219 536 poni,

203 559 263 610 tam
287 551 404 628 equites
423 567 511 628 quam
531 548 655 628 pedites,
678 545 715 607 ad
734 548 889 607 sinistrum
909 553 993 606 tuum
1012 544 1136 624 colliges
1155 564 1220 606 cor·

202 656 289 718 num,
318 639 415 698 etsie
439 637 612 698 aduersario
640 637 757 696 resistis
786 637 900 713 magnis
928 633 1058 714 uiribus,
1088 651 1128 694 ue
1156 643 1221 696 arte

176 726 330 805 apellaris.
365 725 465 786 Tertia
485 724 664 804 depugnatio
683 733 730 784 est
748 723 853 784 similis
868 722 1025 803 secundae,
1044 722 1098 782 sed
1116 724 1149 783 in
1163 723 1221 784 hoe

203 814 342 893 deterior,
362 813 441 892 quod
456 833 472 874 a
487 816 610 874 sinistro
624 831 719 873 cornu
734 822 786 873 tuo
805 830 874 872 eum
892 811 972 872 illius
987 813 1094 890 incipis
1113 811 1221 872 dextro

203 903 371 982 oonlligere.
402 901 477 962 Nam
491 904 577 981 quasi
591 920 715 962 maneus
733 903 863 980 impetus
882 909 929 962 est
948 917 1051 960 eorum
1071 907 1101 960 et
1115 909 1221 979 aperte

203 1010 273 1053 eum
295 990 470 1052 difficultate
493 990 708 1070 adgrediuntur
732 989 835 1050 hostes
858 991 963 1068 quiin
988 990 1109 1049 sinistro
1134 989 1222 1051 dimi·

204 1089 273 1141 cant
291 1098 395 1141 eoruu.
428 1079 514 1151 Quod
533 1081 666 1158 apertius
685 1077 856 1157 explanabo.
890 1077 922 1138 Si
946 1076 1063 1156 quaudo
1087 1077 1163 1138 alam
1184 1081 1223 1138 si·

163 1185 190 1225 10
203 1171 328 1229 nistram
342 1168 429 1247 longe
444 1167 585 1229 habueris
599 1167 762 1247 meliorem,
779 1174 851 1228 tune
867 1169 895 1227 ei
909 1167 1086 1226 fortissimos
1101 1169 1223 1245 equites

188 1253 380 1336 ‘peditesque
398 1259 546 1336 coniunge
566 1266 596 1318 et
613 1258 644 1317 iu
663 1273 829 1334 congressu
847 1257 942 1335 ipsam
960 1257 1085 1333 primam
1105 1255 1223 1334 applica

203 1345 240 1405 ad
263 1345 339 1406 alam
362 1345 493 1408 bostium
519 1346 668 1426 dextram,
696 1356 727 1405 et
754 1351 899 1423 quantum
926 1352 1026 1423 potes,
1054 1342 1224 1405 aduersarii

204 1435 338 1496 dextram
362 1444 476 1515 partem
495 1434 606 1514 pellere
626 1443 656 1494 et
674 1435 835 1494 circumire
854 1434 970 1493 festina.
1004 1431 1099 1492 'luam
1118 1443 1223 1494 autem

203 1523 290 1584 aliam
309 1527 460 1585 exereitus
480 1531 603 1602 partem,
622 1525 727 1601 inqua
746 1522 912 1583 deteriores
931 1520 1090 1582 bellatores
1107 1520 1222 1582 habere

163 1627 189 1667 15
204 1621 234 1672 te
257 1614 346 1691 nosti,
369 1630 385 1671 a
410 1614 529 1672 sinistra
553 1611 632 1672 illius
655 1610 827 1690 longissime
851 1628 964 1690 separa,
986 1628 1024 1670 ne
1044 1610 1092 1670 uel
1115 1610 1223 1689 gladiis
1279 1633 1280 1638 ¹

204 1699 363 1761 inundatur
386 1699 435 1761 uel
459 1700 494 1760 ad
519 1719 583 1760 eam
607 1699 665 1760 tela
689 1702 874 1780 perueniant.
911 1697 944 1758 ln
963 1698 1020 1759 boe
1039 1717 1150 1778 genere
1175 1718 1223 1760 ea·

205 1787 337 1848 neudum
366 1796 425 1869 est,
454 1807 491 1848 ne
520 1791 710 1849 inimieorum
739 1791 843 1849 cuneis
871 1797 1043 1848 transuersa
1065 1795 1116 1848 tua
1140 1791 1223 1850 acies

204 1876 340 1938 elidatur.
382 1875 445 1937 lloe
474 1885 574 1938 autem
602 1877 690 1938 modo
713 1895 774 1938 uno
798 1894 867 1937 casu
892 1876 1007 1938 utiliter
1029 1876 1223 1960 pugnabitur,

205 1968 231 2026 si
253 1965 445 2027 aduersarius
469 1967 642 2027 interiorem
666 1965 805 2027 dextrum
828 1983 954 2027 coruum
976 1964 1116 2025 babuerit
1139 1973 1171 2027 et
1191 1975 1224 2027 tu

164 2069 191 2110 so
204 2053 291 2135 longe
324 2055 478 2116 fortiorem
510 2057 674 2117 sinistrum.
717 2053 827 2125 Quarta
861 2054 1041 2133 depugnatio
1070 2053 1138 2115 talis
1167 2064 1223 2117 est.

205 2143 279 2206 Cum
299 2143 486 2205 ordinaueris
505 2147 608 2226 aciem,
631 2151 700 2204 aute
719 2143 954 2223 quadringentos
973 2143 1021 2204 uel
1040 2143 1224 2222 quingentos

222 2299 256 2355 V.
275 2299 307 2353 L.
345 2299 583 2370 loonponuntnr]
599 2300 808 2367 componeret]
824 2295 1002 2351 constituitur
1015 2297 1100 2366 uulgo
1142 2296 1222 2368 [tibi]

204 2371 288 2440 melpo
332 2369 444 2439 feeerit]
463 2369 518 2423 hoo
535 2367 635 2423 feeerit
653 2372 668 2422 t
686 2369 771 2437 uulgo
816 2366 939 2439 2[polt]
954 2369 985 2420 Π
1027 2365 1178 2438 aconigtt
1194 2371 1225 2422 Π

259 2457 344 2494 oomu
362 2459 383 2493 π
436 2439 587 2493 oretntet
606 2439 635 2492 P
685 2436 876 2507 dineipield
930 2437 1057 2509 ‘1[Nam
1082 2437 1174 2510 quali]
1196 2442 1226 2493 Π

259 2509 313 2580 [et]
333 2529 346 2564 ε
437 2513 535 2579 aperte
554 2512 605 2563 αΠ
609 2510 636 2562 V
656 2509 752 2578 aperte
774 2526 893 2577 quorum
910 2512 926 2562 t
947 2510 1041 2578 aperti
1057 2509 1118 2563 DP
1138 2512 1225 2580 uulgo

259 2585 276 2633 8
296 2579 477 2650 difficultate]
497 2579 524 2634 d.
543 2596 640 2634 eorum
659 2599 672 2634 ε
727 2586 744 2634 9
763 2579 920 2650 explanabo
939 2579 989 2633 aP
1004 2579 1185 2650 explanando
1198 2585 1227 2635 Π

202 2649 399 2720 &explanabo
418 2652 445 2704 A
465 2651 481 2706 ὃ
500 2649 573 2720 expl.
593 2651 631 2704 M
647 2651 689 2705 est
707 2651 779 2720 expl.
800 2651 827 2706 θ
843 2653 877 2705 ut
894 2649 931 2704 fit
949 2649 1057 2720 expli
1102 2657 1137 2706 10
1155 2653 1225 2706 tuno

206 2757 232 2813 ei
246 2759 286 2811 ud
299 2758 366 2812 tuno
380 2758 410 2812 et
419 2759 449 2810 Π
462 2773 526 2812 eum
540 2773 574 2812 ea
585 2757 620 2828 P,
635 2774 723 2812 cuneo
734 2757 800 2828 LP,
816 2723 917 2812 euneos
931 2757 954 2827 Q
1003 2761 1037 2810 12
1055 2757 1141 2827 potes
1147 2757 1173 2813 G
1196 2759 1225 2811 π’

204 2829 297 2900 potest
314 2829 380 2899 ΑΡι
404 2828 477 2884 (lies.
518 2827 606 2900 [edu]
627 2831 658 2883 Π
699 2833 732 2882 13
751 2831 864 2898 partem
886 2779 1230 2901 [pellere—partensi]

276 2899 422 2969 impellere
441 2901 460 2954 d
535 2900 624 2970 tuem]
649 2901 681 2953 tu
700 2920 719 2969 μ
792 2903 826 2954 15
845 2898 955 2970 separa]
973 2898 1103 2968 separare
1122 2903 1154 2954 Π

206 2977 240 3027 16
261 2971 424 3043 [genero]e
508 2977 543 3026 19Ι
560 2970 744 3026 infirmiorem
762 2989 784 3024 π
871 2986 957 3024 cornu
975 2969 1023 3026 aP
1101 2976 1137 3025 21
1156 2973 1224 3026 ente

205 3041 428 3112 quadringentos
442 3042 488 3096 uel
503 3041 687 3113 quingentol]
702 3057 776 3096 uuus
789 3057 823 3096 eae
832 3040 956 3097 Stanecli.
972 3041 1060 3108 libris,
1072 3058 1153 3110 quem
1165 3044 1225 3112 ipse

204 3113 329 3181 Edicit,
344 3113 457 3182 praebet
475 3129 500 3166 e.
520 3114 709 3184 quadraginta
727 3113 774 3167 uel
788 3110 1009 3181 quinquaginta3
1028 3113 1094 3168 iude
1103 3112 1224 3169 Nostine
1278 3183 1279 3186 Ἴ

204 3185 580 3312 ςνόνηάΚτίερεαῑιεηήῆπιετ
595 3201 625 3256 p.
644 3189 702 3242 387
718 3187 771 3254 sq.)
791 3186 905 3238 eentum
923 3182 1058 3253 quadrag.
1078 3201 1105 3240 u.
1127 3183 1222 3255 quinq.
1278 3213 1279 3238 t

215 3273 279 3326 epau
299 3273 346 3311 um
364 3262 458 3312 censet.
1278 3269 1279 3310 t

223 3380 250 3436 S.
269 3379 300 3435 L.
356 3387 373 3434 t
392 3379 550 3435 aduersario
569 3378 667 3451 restit]
694 3377 900 3435 aduersariorel
914 3377 976 3434 iltis
990 3380 1028 3449 A,
1052 3379 1222 3448 (aduersario

205 3450 251 3504 rel
264 3450 326 3505 init
343 3450 393 3522 G,)
439 3450 574 3521 deornu]
594 3467 679 3505 corno
698 3450 725 3503 A
773 3450 1012 3521 Seggrediuntur
1030 3452 1060 3504 Π
1102 3456 1137 3506 10
1156 3450 1221 3521 que]

205 3519 254 3590 qui
276 3521 314 3591 A,
392 3528 423 3575 11
448 3519 599 3592 coniunge]
625 3520 742 3591 ooniuge
766 3519 803 3592 A,
881 3525 914 3576 tt
938 3521 1026 3592 alam]
1053 3521 1101 3578 ule
1125 3521 1154 3576 α’

206 3596 239 3646 13
259 3591 398 3663 dextrum]
417 3589 515 3646 dextre
533 3593 560 3645 α’
