2604 4082
433 247 723 318 mimmm
1042 250 1082 314 m

82 401 112 455 nt
131 413 189 455 non
211 395 305 456 solum
328 415 346 456 a
370 397 482 458 dextris
506 397 558 458 sed
588 399 677 458 etiam
701 414 717 456 a
743 399 872 458 sinistris
895 397 1032 477 partibus
1054 408 1085 460 et

82 484 185 544 insilire
213 491 243 544 et
270 484 390 546 desilire
418 485 642 566 condiscerent,
664 488 838 565 euaginatos
861 489 949 548 etiam
972 487 1084 566 gladios

81 572 123 632 uel
145 581 247 634 contos
270 582 416 636 tenentes.
456 574 520 636 Hoc
538 577 610 635 item
634 574 757 637 adsidua
780 575 972 636 meditatione
995 577 1083 638 sacio-

81 659 154 736 bant,
177 662 292 724 scilicet
314 671 349 723 nt
371 665 403 722 in
423 664 553 725 tumultu
577 663 683 742 proelii
702 666 767 725 sine
786 681 868 726 mora
888 663 1084 724 ascenderent

81 751 124 828 qui
133 759 191 811 tam
200 750 335 812 studiose
350 751 568 814 exercebantur
577 755 608 812 in
618 771 699 831 pace.
728 751 842 813 XVllll.
856 751 978 812 Pondus
986 773 1190 818 commanem.

987 819 1025 851 dne
1036 821 1153 854 exercendos
1166 822 1190 854 tl-

28 915 29 918 ,
80 857 186 919 quoque
200 839 336 900 baiulare
350 858 446 918 usqne
461 841 497 902 ad
507 856 556 902 nx
565 841 656 902 libras
667 849 697 901 et
706 843 765 902 iter
775 841 872 902 iacere
883 841 978 920 gradu
987 871 1050 896 „aaa

78 926 188 988 militari
216 929 461 1008 frequentissima
489 931 615 1009 cogendi
643 938 714 990 sunt
741 932 888 1010 iuniores,
915 929 1025 1009 quibus
1053 931 1084 992 in

76 1015 167 1076 arduis
191 1016 432 1096 expeditionibus
455 1021 619 1079 necessitas
647 1021 773 1081 inminet
801 1037 947 1080 annonam
970 1019 1084 1098 pariter

77 1112 101 1164 et
117 1123 195 1166 arma
214 1105 364 1186 portandi.
402 1106 464 1168 Neo
483 1107 541 1168 hoc
561 1107 701 1168 credatur
720 1125 786 1168 esse
806 1108 941 1188 difficile,
966 1111 991 1168 si
1010 1125 1084 1168 usus

77 1197 244 1275 accesserit,
276 1194 351 1255 nihil
384 1198 463 1256 enim
496 1205 554 1276 est,
583 1195 663 1275 quod
692 1213 752 1256 non
780 1195 902 1258 adsidua
932 1195 1084 1258 meditatio
1098 1211 1125 1250 10

75 1281 241 1344 facillimum
256 1282 369 1344 reddat.
402 1283 512 1362 [Quam
531 1303 595 1344 rem
615 1287 753 1362 antiquos
773 1284 882 1346 milites
901 1286 1083 1346 iactitauisse

76 1367 194 1450 Vergilio
218 1375 286 1452 ipso
309 1379 386 1432 teste
410 1375 633 1454 cognoscimus,
656 1375 709 1452 qui
732 1375 773 1434 ait

156 1501 236 1566 ‘Non
260 1524 348 1566 secus
371 1523 405 1566 ac
428 1504 533 1585 patriis
557 1524 627 1566 acer
649 1505 801 1566 Romanus
823 1507 855 1565 in
879 1507 970 1566 armis

154 1593 272 1655 Iniusta
297 1594 353 1655 sub
376 1595 455 1654 fasce
480 1597 561 1655 uiam
585 1612 654 1655 cum
678 1595 786 1675 carpit,
810 1602 840 1655 et
863 1594 942 1654 hosti

153 1683 233 1744 Ante
257 1691 446 1764 expectatum
469 1685 575 1763 positis
598 1691 657 1744 star
680 1685 711 1743 in
734 1685 850 1761 agmine
875 1678 1016 1760 castris']
1099 1697 1124 1738 15

154 1814 219 1876 XX.
239 1814 337 1875 Locus
353 1817 507 1897 exigit,ut,
518 1835 577 1894 quo
592 1834 743 1877 armorum
754 1835 864 1896 genere
874 1817 923 1878 uel
933 1819 977 1878 in·
989 1839 1031 1880 ouo
1044 1848 1144 1873 mamm
1159 1848 1192 1880 se·

989 1893 1036 1917 nero
1053 1884 1087 1918 usi
1101 1884 1142 1918 slot
1158 1892 1193 1916 an·

74 1905 202 1965 struendi
215 1903 265 1964 uel
280 1904 434 1966 muniendi
449 1907 509 1965 sint
523 1907 647 1985 tirones,
659 1906 774 1966 referre
790 1915 978 1986 temptemus.
989 1929 1046 1970 oea.

74 1989 125 2051 Sed
152 1995 184 2053 m
214 1993 270 2053 hac
294 2001 379 2071 parte
407 1995 528 2073 antiqua
554 1996 674 2073 penitus
697 1994 883 2056 consuetudo
906 1995 1003 2057 deleta
1026 2002 1084 2076 est,

87 2161 117 2215 V.
135 2163 164 2219 L.
221 2161 342 2234 apum.
362 2163 403 2235 et]
426 2164 453 2217 P
519 2163 643 2235 desilire]
663 2163 787 2219 desidere
806 2164 841 2234 G,
909 2165 997 2219 3hoc
1015 2163 1086 2218 ilem

28 2247 30 2294 r
72 2232 148 2306 Laug
161 2235 218 2290 hoc
232 2233 310 2288 idem
323 2233 352 2287 π’
367 2234 422 2289 hoc
436 2235 511 2290 enim
526 2235 571 2290 sP
605 2234 743 2289 licilicei
756 2236 785 2289 et
798 2234 827 2288 in
842 2254 860 2287 α
898 2233 1085 2288 OnnXVlllI.

28 2313 29 2330 ¹
137 2305 320 2374 6sexuginlra
337 2323 379 2376 μπ
442 2311 476 2359 12
494 2304 614 2377 nergilio
632 2306 662 2359 A
680 2303 794 2374 uirgilio
814 2305 924 2374 MGQrc
983 2322 1085 2376 cogno-

72 2373 166 2430 scimus
181 2377 251 2446 ΠΛ,
274 2375 345 2430 Gias.
366 2375 494 2446 cognosci
509 2377 535 2430 α’
556 2376 691 2446 cognosce
705 2376 731 2430 G
750 2375 925 2446 cognoscitur
940 2377 964 2447 Q
982 2393 1085 2446 cogno·

72 2445 158 2500 nimus
177 2448 226 2502 dP
248 2446 341 2517 poiel’o
365 2446 494 2517 cognosci
516 2448 572 2504 Ed.
598 2447 653 2502 Uol.
680 2448 780 2502 Totum
802 2463 918 2514 comma,
942 2464 1027 2516 quam
1051 2479 1084 2489 -

72 2517 171 2587 cestris,
192 2519 263 2588 qaue
280 2519 408 2588 manium
424 2520 475 2586 ait,
497 2519 549 2574 uic
571 2520 687 2574 dubium
709 2524 748 2574 est
765 2519 801 2587 cs.
819 2517 833 2570 I
852 2525 877 2574 ὅ.
969 2526 1002 2574 13
1021 2519 1086 2575 Non

72 2585 230 2660 feruleto]
268 2587 344 2658 Verp.
370 2590 465 2659 Georg.
490 2591 551 2644 III
572 2594 699 2646 346-48
722 2607 808 2659 quom
837 2590 914 2659 Verg.
940 2591 1086 2659 (Ribbeck)

71 2663 214 2716 secundum
237 2661 295 2715 cod.
316 2660 346 2714 F
426 2666 460 2714 14
478 2660 556 2716 holle
576 2681 595 2730 μ
617 2660 726 2715 hostem
746 2661 794 2715 dP
814 2663 871 2717 cod.
897 2662 974 2732 Vera.
995 2665 1082 2732 M101

138 2738 170 2786 15
191 2733 372 2801 expectatum
391 2731 438 2785 dP
455 2731 507 2788 Ver
532 2733 592 2787 'lius
612 2732 777 2800 expectatus
791 2731 828 2786 A’
847 2736 878 2788 Π
895 2733 1051 2802 expectetis
1065 2753 1086 2802 μ

137 2802 192 2874 [in]
220 2802 247 2857 V
323 2802 436 2872 agmine
459 2807 506 2858 εΠ
535 2803 564 2856 Ρ
586 2803 685 2870 Vergil.
709 2806 767 2858 cod.
791 2803 936 2872 FMprc
963 2809 988 2856 et
1010 2803 1085 2858 Aru·

71 2872 141 2928 ocor
164 2872 281 2944 agmina
303 2871 402 2944 Vergil.
421 2875 570 2930 secundum
589 2876 646 2932 cod.
667 2874 694 2927 P
711 2873 772 2929 acie
791 2875 821 2928 D

28 3033 30 3084 l
88 3030 111 3086 S.
129 3032 159 3089 L.
234 3031 387 3104 iinsilire]
406 3032 517 3088 insilere
534 3032 570 3088 A'
639 3032 755 3088 desilere
773 3032 822 3103 Ap
894 3033 1040 3089 aeuidua
1056 3037 1087 3088 Π

28 3111 29 3154 3
136 3103 297 3160 4iumulio
316 3105 379 3157 c'H
443 3103 544 3173 proelii
562 3103 620 3159 sme
639 3105 730 3176 more]
748 3102 865 3172 proeliis
881 3106 982 3160 lacuna
999 3106 1086 3160 aurius

28 3169 30 3270 l
73 3172 172 3230 litterae
189 3193 226 3230 ne
250 3191 329 3229 mors.
349 3175 387 3228 M
407 3174 510 3244 praelii
528 3175 592 3228 sm.
612 3178 644 3229 H
724 3176 943 3231 descenderent
965 3192 1033 3231 corr.
1053 3178 1085 3230 iu

71 3242 247 3301 ascenderent
265 3249 296 3312 (a
309 3245 360 3313 12)
377 3244 406 3300 Α
495 3245 592 3318 bqni]
614 3263 700 3315 quam
721 3247 759 3300 M
845 3247 1015 3302 duriorem

28 3299 30 3390 l
71 3312 129 3371 Cer.
147 3316 263 3371 XVIIII.
328 3315 475 3372 dPondos
489 3316 527 3372 M
584 3317 887 3386 rfrequencanuffima
905 3321 935 3372 H
996 3316 1084 3372 Sim-

28 3399 30 3410 *
70 3386 154 3442 minei
172 3391 203 3442 Π
275 3393 308 3441 10
326 3385 436 3442 allidas
449 3391 477 3442 Π
534 3394 566 3442 13
585 3388 686 3458 patriis
700 3390 777 3460 acer]
796 3389 897 3459 patriis
912 3387 988 3443 sacer
1006 3387 1035 3443 A

28 3485 29 3536 ,
70 3459 211 3530 romanus]
230 3459 278 3514 -ol
292 3460 330 3530 A,

75 3547 279 3674 deleciipffx⁸
327 3553 360 3603 18
378 3549 445 3620 huo]
465 3564 498 3603 ac
516 3550 548 3601 H
602 3547 730 3620 penitus]
749 3548 881 3619 poenitus
895 3549 923 3603 A
977 3547 1083 3619 deleta]

28 3735 32 3900 l
