2552 4082
1263 69 1264 128 t

170 228 223 284 xu
602 228 752 284 Praefatio.
1263 203 1264 284 i

75 421 78 426 ,
171 384 268 439 torem.
300 379 423 438 Paterni
442 383 537 438 66666
554 379 601 438 Μ.
615 377 765 445 Sinniu,
789 380 839 450 qun·
856 379 933 438 6666
950 375 1038 452 Aua,
1059 376 1108 438 Tr.
1122 379 1189 438 Ha·

171 469 325 540 drionioue
348 470 560 527 constitutiones
582 468 662 540 6666
684 467 844 526 Patcrrnuu
868 468 1013 526 inuenisse
1041 465 1191 540 Veretiuru
1264 475 1265 490 ¹

171 559 337 630 suspicatur
359 547 410 636 (cf.
433 556 536 615 Herm.
553 555 638 615 XVI
651 573 685 629 6.
701 556 874 614 136-146
910 547 969 613 ‘Zu
992 557 1047 615 666
1070 554 1190 630 6666666

171 640 222 705 des
241 638 414 724 Vertitur),
438 645 469 703 66
491 645 546 702 toci
566 645 703 704 uidentur
726 661 802 703 esse:
823 643 848 701 I
863 645 914 704 27.
937 644 981 702 II
998 645 1082 703 619
1108 635 1192 722 (iude

172 752 192 793 6
213 735 311 793 uerbis
342 733 460 808 quando
488 732 555 807 quis
584 725 630 810 (6.
655 733 710 807 53,
736 723 820 811 13)).
845 733 905 803 20;
939 735 1039 792 contra
1061 732 1194 792 Diriseu

173 815 422 902 (Hiutertosseue
451 813 611 894 Schrifteu'
634 821 679 879 II
705 814 785 899 428)
825 822 1021 880 tautummodo
1056 822 1192 880 666666
1266 877 1267 880 ,

172 912 300 984 canitura
330 911 437 970 7212
467 910 484 968 t.
507 909 551 967 II
571 910 697 968 concedit
719 925 778 968 6336
801 908 1020 969 Paternianuru.
1058 907 1193 969 Oeterrun

172 1001 242 1072 6666
262 998 374 1073 Veyetio
392 999 423 1057 tu·
440 1000 592 1072 scriptores
614 1000 673 1084 6636
690 1014 749 1056 uon
765 999 876 1070 suerint
888 1003 1016 1071 praesto,
1039 1000 1088 1057 oia
1107 998 1193 1058 dubi-

171 1090 298 1158 toueris;
321 1088 398 1160 ouod
419 1087 533 1159 666666
554 1091 588 1145 ut
610 1087 663 1146 atii
685 1102 719 1145 66
741 1089 800 1145 tota
822 1087 953 1159 6663666·
981 1086 1129 1160 Veoetiani
1147 1089 1193 1146 iu·
1267 1133 1268 1138 1

172 1176 236 1234 dote
262 1176 441 1249 6666666666,
470 1175 693 1249 6666666666
715 1176 827 1233 ratione
848 1176 916 1248 6636
932 1177 1046 1248 partim
1061 1193 1193 1248 prorsus

175 1265 285 1324 abiecta
310 1265 425 1337 666666
446 1263 527 1323 houd
552 1265 595 1322 itu
616 1279 757 1336 66636666
783 1265 871 1329 uuita,
898 1265 941 1321 ita
973 1264 1044 1322 6666
1076 1265 1193 1336 quidem

169 1353 392 1429 6.13,3-11
420 1352 551 1426 Veyetius
573 1354 635 1425 6636
652 1352 769 1410 uidetur
787 1355 848 1410 tum
865 1353 975 1410 siucero
996 1353 1085 1424 fateri
1102 1369 1193 1424 quarn
1268 1355 1269 1400 ἕ

173 1443 223 1514 qui
249 1443 388 1508 666666,
417 1457 451 1500 eoo
474 1442 542 1500 61663
564 1441 753 1514 scriptoribus
775 1440 909 1499 deductos
931 1455 991 1500 esse
1017 1443 1099 1500 riuos
1125 1441 1194 1500 iilos

174 1527 350 1588 0666666663
382 1533 445 1596 etc,
478 1531 581 1601 ouibus
612 1529 740 1588 hortulos
767 1545 835 1587 3663
865 1529 1011 1602 66666666.
1050 1526 1194 1602 06666663

174 1620 250 1676 enirn
271 1618 360 1676 6666
386 1619 519 1692 6666666
546 1616 676 1676 ouoluiis
704 1615 877 1675 auctoribus
905 1617 1092 1690 ethorum,
1116 1635 1192 1692 quos
1269 1633 1270 1648 ³

173 1723 286 1781 suppra
307 1705 426 1782 rettuli,
460 1723 535 1781 quae
564 1705 698 1781 dispersa
722 1705 793 1764 sunt
820 1698 852 1784 (i.
876 1697 908 1784 i.)
933 1722 998 1763 cum
1014 1723 1047 1779 6.
1068 1707 1101 1778 5,
1121 1707 1150 1782 3,
1170 1707 1192 1763 4

174 1798 201 1852 et
216 1812 248 1868 6.
271 1795 326 1870 66,
348 1795 406 1852 15:
443 1797 505 1853 iarn
535 1795 679 1868 6666666663
710 1792 845 1852 diuersos
873 1795 1011 1853 auctores
1038 1793 1192 1868 librosque
1270 1867 1271 1872 ἵ

174 1887 201 1940 ot
226 1881 385 1941 historicos
417 1883 468 1940 uel
499 1900 651 1941 armorum
680 1880 878 1957 disciplinam·
898 1879 1038 1940 docontes
1066 1914 1110 1923 —
1133 1899 1193 1941 eos-

174 1972 238 2030 dem
261 1971 368 2030 scilicet
385 1988 492 2043 66636
515 1987 545 2030 36
563 1970 700 2029 euolutos
713 1988 747 2044 6.
768 1972 818 2047 13,
838 1971 858 2028 4
882 1971 951 2030 dicit
980 2001 1018 2012 —
1048 1988 1107 2030 nou
1131 1987 1196 2030 6336
1271 2026 1272 2056 ,

174 2061 253 2133 66363
276 2077 346 2132 quos
367 2061 557 2132 6666666666,
578 2060 629 2119 366
656 2059 735 2134 apud
763 2076 810 2118 eos
836 2057 973 2134 dispersa
996 2061 1028 2118 et
1053 2058 1193 2118 inuoluta
1271 2061 1272 2118 t

174 2147 266 2207 colari
293 2149 347 2208 iila
375 2147 513 2224 antiqua,
546 2165 620 2220 6666
647 2140 694 2227 (6.
722 2148 779 2224 33,
809 2137 842 2227 6)
875 2150 1077 2221 imperatorur
1104 2165 1194 2206 suum

175 2254 211 2295 cx
238 2235 324 2296 libris
352 2238 518 2296 desiderare
548 2240 701 2303 6666666,
738 2237 801 2295 dico
830 2233 1008 2302 06666666,
1044 2234 1193 2304 Celsiano,

175 2324 383 2391 Frontiuioua,
401 2325 593 2392 Paterniana,
610 2322 739 2399 Auuusti
758 2324 885 2383 1666666
902 2324 1108 2397 Hadrianique
1125 2341 1194 2382 cou-

175 2415 342 2472 stitutioues.
362 2411 443 2487 Quae
456 2431 522 2471 oum
534 2415 577 2472 ita
590 2415 656 2479 siut,
669 2429 740 2471 caue
753 2430 818 2472 666
827 2413 1001 2473 Hermanno
1007 2412 1159 2472 Bruncitio
1165 2404 1196 2494 1>

175 2502 249 2560 dicis
275 2503 389 2559 666666
411 2517 515 2568 causa,
538 2518 593 2574 ouo
615 2503 711 2574 66663
734 2501 852 2575 66666663
879 2504 1082 2575 incitaremur,
1103 2518 1195 2574 6666-

175 2589 270 2648 ciaros
296 2588 363 2648 iilos
384 2590 428 2648 rei
454 2589 592 2648 66666666
619 2593 791 2648 auctoresa
820 2589 933 2664 Vocetio
961 2593 1196 2650 cunuunoruros

175 2669 235 2736 esse
262 2679 397 2750 opineris.
433 2674 476 2736 At
502 2678 578 2750 quod
607 2681 687 2736 tauto
709 2678 804 2745 hiatu,
833 2683 939 2751 quauta
963 2679 981 2739 t.
1005 2679 1023 2737 i.
1042 2682 1069 2738 et
1084 2696 1117 2752 6.
1138 2679 1193 2753 37,

176 2767 228 2840 16,
248 2767 288 2825 17
309 2756 431 2844 quud)
454 2766 621 2837 6666336666
638 2766 741 2825 trorum
754 2771 914 2840 66666666
935 2783 966 2826 36
984 2760 1194 2840 ‘sinuaturuur'

168 2855 339 2929 66666666,
368 2855 487 2913 miru'me
509 2855 600 2928 66666
622 2855 688 2914 tulit
703 2857 880 2928 66666336,
903 2855 936 2914 id
957 2856 1024 2915 uide
1046 2871 1082 2914 66
1104 2858 1197 2914 toturn

168 2943 297 3016 6666666
324 2943 360 3002 ab
375 2945 447 3002 »eius
468 2944 662 3002 mediocritate
688 2945 797 3017 inuenti
819 2942 848 3003 et
867 2945 912 3002 rei
937 2944 1075 3002 6666663
1102 2945 1196 3018 6666-

172 3032 263 3101 ritio,·
285 3047 375 3104 neque
397 3033 473 3090 enirn
491 3036 546 3098 est,
570 3033 646 3104 quod
661 3034 914 3106 praediqiatoreru
932 3032 1024 3105 tuisse
1047 3031 1196 3105 Vocetium

172 3120 256 3178 uobis
278 3121 518 3193 6636666666.
556 3119 621 3195 Quo
648 3121 682 3179 66
710 3120 818 3194 67666666
844 3121 981 3180 tarditate
1009 3122 1119 3194 6666666
1141 3120 1197 3179 icoc

248 3307 276 3389 1)
295 3306 304 3335 ‘
335 3307 488 3390 6663666663
507 3304 684 3390 6666666666..
702 3305 734 3389 Ι.Ι
751 3305 902 3376 Quaeritur
920 3322 990 3390 666
1005 3304 1136 3390 66766.
1156 3305 1194 3364 R.

174 3375 684 3503 souautrunzouuzltugzwtfflfezmt
698 3376 876 3518 {nazaraeos
894 3377 1086 3518 {prmum
1097 3393 1197 3504 Rugum

173 3518 482 3658 uai.2)18itla.qmtum
499 3588 582 3646 ualeo
597 3605 628 3659 6.
648 3594 691 3657 37,
712 3595 754 3645 16.
