2576 4080
1010 204 1072 274 127

158 358 237 417 XXI.
261 358 308 417 De
332 358 422 418 realis
446 357 590 417 sambuca
612 360 733 418 exostra
755 359 787 418 et
809 357 989 420 tollennone.

144 447 239 506 XXII.
263 447 309 506 De
332 445 465 506 ballistis
495 445 616 522 onagris
640 446 847 522 scorpionibus
869 448 1073 510 aroubellietis

314 535 468 596 fustibalis
491 535 605 609 fundis,
632 553 687 611 per
709 553 787 611 quae
806 539 956 596 tormenta
975 537 1074 598 deien-

316 623 398 684 ditur
417 642 531 684 murus.

128 713 239 772 XXIII.
263 713 437 773 Aduersum
460 713 570 772 arietes
593 714 721 788 prosunt
739 712 867 773 enloitee
891 715 992 790 laquei
1010 715 1074 792 lupi
1100 725 1116 766 5

317 804 472 862 columnae
494 801 660 878 grauiores:

116 890 241 949 XXIIII.
265 891 312 950 De
331 890 484 964 cuniculis,
499 908 554 966 per
568 907 643 966 quos
658 893 711 950 aut
729 910 833 952 murus
852 890 1004 952 defoditur
1021 896 1075 952 aut

316 980 424 1040 ciuitas
446 981 634 1055 penetratur.

145 1067 239 1129 XXV.
264 1067 343 1138 Quid
362 1069 461 1128 faeere
480 1068 610 1128 debeant
624 1067 774 1145 oppidani,
788 1068 815 1128 si
833 1070 936 1130 hostes
955 1070 1074 1147 inrupe-

317 1157 379 1216 rint
402 1155 565 1216 ciuitatem.
1088 1167 1116 1206 1⁰

137 1244 246 1304 XXVI.
271 1244 355 1315 Quae
378 1245 420 1306 sit
441 1245 612 1305 adhibenda
634 1245 763 1323 cautela,
785 1264 823 1305 ne
846 1245 949 1307 hostes
968 1247 1075 1308 furtim

318 1337 463 1411 oooupent
484 1353 613 1395 murum.

118 1423 242 1484 XXVII.
267 1421 392 1492 Quando
416 1422 573 1500 oppidanis
591 1423 762 1484 inferantur
779 1422 914 1484 insidiae.

102 1511 243 1574 XXVIII.
267 1510 345 1582 Quid
359 1512 473 1572 faciant
486 1511 666 1587 obsidentes,
680 1529 718 1572 ne
732 1512 771 1571 ab
785 1512 942 1589 oppidanis
960 1513 1075 1589 patian-

316 1603 368 1660 tur
390 1601 524 1662 insidias.
1091 1610 1119 1650 1⁵

91 1689 245 1750 XXVIIII.
270 1688 335 1760 Quo
359 1707 469 1765 genere
491 1691 712 1749 tormentorum
736 1688 843 1750 ciuitas
867 1689 1053 1751 defendatur.

150 1779 244 1839 XXX.
270 1776 528 1848 Quemadmodum
537 1778 849 1856 mensuraoolligatur
863 1779 900 1839 ad
916 1781 1011 1840 scalas
1026 1780 1076 1839 uel

308 1867 463 1928 machinas
486 1867 647 1927 faoiendas.

130 1955 242 2017 XXXI.
266 1957 432 2032 Praecepta
453 1956 526 2015 belli
547 1955 674 2015 naualis.

119 2046 242 2107 XXXII.
266 2045 396 2105 Nomina
418 2044 559 2121 iudioum,
583 2045 635 2121 qui
656 2047 818 2120 praeerant
840 2043 938 2106 classi.
1088 2055 1115 2094 20

107 2134 246 2193 XXXIII.
270 2133 355 2193 Vnde
379 2133 570 2211 appellentur
592 2133 737 2194 liburnae.

92 2223 241 2282 XXXIIII.
269 2222 335 2293 Qua
358 2223 516 2299 diligentia
538 2222 724 2282 fabricentur
745 2220 892 2280 liburnae.

120 2311 241 2370 XXXV.
266 2310 333 2382 Qua
355 2311 567 2372 obseruatione
591 2310 631 2370 sit
654 2309 803 2370 caedenda
827 2309 977 2372 materies.

106 2399 242 2462 XXXVI.
266 2399 331 2471 Quo
354 2419 456 2460 meuse
480 2399 648 2460 caedendae
671 2399 732 2459 sint
749 2399 861 2460 trabes.

96 2488 244 2550 XXXVII.
268 2489 313 2549 De
334 2490 423 2550 modo
446 2489 643 2549 liburnorum.
1089 2499 1116 2540 2⁵

83 2575 244 2638 XXXVIII.
268 2578 399 2638 Nomina
421 2581 581 2638 uentorum
604 2578 636 2637 et
657 2595 807 2637 numerus.

72 2663 244 2727 XXXVIIII.
269 2666 386 2738 Quibus
410 2667 563 2726 mensibus
586 2666 684 2726 tutius
707 2665 879 2743 nauigatur.

182 2756 244 2815 XL.
270 2754 527 2826 Quemadmodum
556 2756 772 2831 tempestatum
794 2753 984 2815 obseruanda
1016 2755 1077 2814 sint

297 2919 302 2928 Ι
318 2844 412 2920 signa.

129 3019 144 3069 1
164 3014 329 3069 tollennone
348 3013 384 3066 A’
392 3013 431 3066 L
450 3014 511 3081 (bie
529 3016 613 3081 corr.)
629 3012 811 3067 tollenoneo
836 3011 969 3067 tolenoue
989 3014 1019 3066 Π
1034 3013 1076 3067 te·

72 3077 159 3139 lenone
179 3085 215 3140 Ρ
277 3083 452 3140 bAduersus
468 3085 499 3136 Π
568 3082 745 3138 ldefoditur
746 3082 831 3154 ]dep
833 3083 928 3138 enitar
947 3083 1006 3137 HD

72 3155 151 3224 top>p
151 3155 199 3210 ida
217 3155 272 3210 nili
290 3154 350 3210 ΑΡ
402 3153 490 3210 hostis
505 3154 533 3210 A
585 3153 739 3223 irruperint
758 3156 789 3207 Π
838 3161 871 3209 12
890 3154 964 3209 muri
982 3155 1009 3208 A

74 3227 100 3275 13
109 3239 155 3282 σπι.
164 3226 202 3308 P
214 3227 348 3282 librarius
357 3228 473 3282 autem
461 3243 519 3296 apae
532 3227 565 3281 πἰι
572 3227 698 3294 marpiae
707 3226 819 3281 addidit
851 3225 996 3292 Quomodo
1007 3224 1075 3296 ΠΡ,

102 3300 132 3349 14
148 3266 257 3353 faciunt
275 3300 306 3351 Π
346 3303 379 3353 16
398 3296 528 3353 ciuitates
547 3297 734 3355 defendentur
751 3299 835 3365 aulpo
875 3301 908 3350 17
929 3263 1076 3362 Quemam

74 3367 173 3421 nodum
192 3370 223 3422 Π
238 3370 303 3424 item
321 3369 364 3424 bia
376 3373 475 3438 posteo
520 3374 553 3423 19
574 3365 684 3450 [XXXI.
688 3367 834 3439 -XLVI.]
853 3368 900 3423 sed
917 3372 972 3422 drea
990 3367 1078 3422 lineos

74 3447 165 3494 wotos
182 3441 291 3496 relictae
308 3438 428 3495 saeuo
464 3446 499 3494 2ο
517 3438 694 3496 iudieiumll
728 3438 895 3494 olallibulP
928 3444 962 3493 21
980 3453 1036 3508 epp
1037 3437 1076 3493 el-

74 3500 155 3563 lentur
172 3511 278 3581 LPap
281 3510 403 3566 ellantur
421 3529 440 3564 α
494 3516 529 3565 24
548 3510 610 3564 sunt
627 3511 683 3582 LI²
734 3514 768 3564 25
787 3509 972 3565 Liburnorum
991 3509 1027 3562 A'

76 3577 102 3628 26
118 3582 245 3638 numeros
259 3583 286 3636 A
338 3587 371 3638 27
390 3581 576 3652 nauigeturi.
597 3583 614 3635 l
634 3597 670 3637 er.
670 3577 721 3635 Ε
765 3585 799 3636 28
820 3580 889 3652 [XL
893 3578 1079 3650 -XLVI.]V
