2604 4082
111 236 115 244 ·
200 223 244 288 ᾖ
563 220 853 288 mmmmm

200 380 291 450 prout
304 371 361 432 loci
375 370 501 450 qualitas
516 378 567 431 aut
582 371 743 430 necessitas
758 367 963 448 postulauerit,
973 374 1070 428 castra
1080 367 1215 428 iacienda
1293 415 1294 418 ,

201 467 280 521 sunt.
306 460 396 520 Porta
416 457 802 540 auremquoeeappellatur
820 459 978 537 praetoria,
997 462 1048 516 aut
1067 457 1215 517 orientem
1293 443 1294 450 ἵ

201 556 337 628 spectare
356 548 444 609 debet
462 556 514 609 aut
530 547 615 610 illum
633 547 741 628 locum,
761 549 813 625 qui
831 545 866 605 ad
886 545 988 606 hostes
1006 546 1140 624 respicit,
1155 552 1215 624 aut,
1293 537 1294 616 ,

202 640 227 698 si
249 639 308 698 iter
331 639 437 716 agitur,
459 636 540 697 illam
562 643 678 716 partem
701 633 790 696 dehet
813 634 982 713 adtendere,
1007 634 1042 693 ad
1062 651 1151 712 quam
1171 640 1217 694 est
1293 683 1294 694 ,

175 726 391 805 sprolecturus
419 727 582 804 exercitus,
610 726 690 785 intra
717 742 805 802 quam
833 725 946 802 primae
969 723 1136 801 centuriae,
1159 721 1215 780 hoo
1293 713 1294 790 J

202 822 247 876 est
258 814 406 896 cohortes
420 813 585 893 papiliones
599 813 726 874 tendunt
741 821 771 873 et
785 813 930 872 dracones
940 820 970 871 et
980 812 1063 890 signa
1073 812 1217 871 constitu·
1289 805 1294 876 ’,

200 911 263 964 unt.
292 900 1021 980 llecumanaautemporta,qiraeappellatur,post
1033 900 1216 979 praetorium

201 1001 259 1071 est,
283 1008 444 1069 perquam
468 989 675 1069 delinquentes
701 989 810 1050 milites
834 990 1003 1050 educuntur
1022 987 1059 1048 ad
1083 1005 1218 1066 poenam.
1293 983 1294 990 ’

108 1118 233 1197 „mx
246 1127 299 1196 ,τι
308 1078 425 1138 ΧΧΙΙΠ.
450 1078 622 1182 Castrorum
643 1085 742 1138 eutem
762 1079 881 1181 diuersa
904 1076 1071 1180 triplexpue
1090 1077 1216 1178 munitio
1286 1128 1294 1168 ,ξ

94 1173 142 1198 ⁸⁶¹¹
157 1173 187 1198 ⁸¹
228 1171 261 1196 ⁰⁸¹
309 1177 362 1228 est.
404 1167 478 1228 Nam
497 1185 524 1227 sr
541 1185 631 1227 mmra
654 1175 817 1228 necessitas
840 1183 900 1226 non
924 1173 1046 1245 premit,
1069 1172 1216 1242 caespites

202 1256 458 1318 circumciduntur
480 1274 497 1316 e
521 1263 602 1316 terra
625 1262 656 1316 et
679 1273 714 1315 ex
738 1255 784 1316 his
807 1254 891 1316 uelut
914 1271 1018 1314 murus
1046 1255 1216 1332 instruitur,
1288 1325 1294 1338 Ἴ

202 1346 278 1407 altus
302 1345 399 1406 trihus
419 1343 545 1424 pedibus
563 1362 655 1424 supra
673 1352 793 1423 terram,
815 1345 857 1404 ita
876 1350 911 1403 ut
929 1345 961 1402 in
980 1349 1049 1402 ante
1068 1344 1107 1402 sit
1126 1342 1216 1421 losse,
1286 1345 1289 1415 l

202 1434 239 1494 dc
263 1452 320 1513 qua
343 1433 434 1495 leuati
457 1441 528 1494 sunt
551 1435 709 1512 caespites,
733 1432 839 1492 deinde
863 1429 1056 1492 tumultuaria
1079 1431 1159 1490 fossa
1183 1430 1216 1489 lit

202 1523 259 1585 lata
281 1522 373 1602 pedes
396 1539 506 1582 nouem
529 1529 560 1582 et
582 1521 639 1582 alta
662 1520 754 1599 pedes
776 1535 836 1581 vn.
880 1519 937 1580 Sed
966 1518 1017 1579 uhi
1047 1521 1094 1579 uis
1117 1519 1215 1578 acrior
1286 1513 1294 1602 ᾗ

163 1625 188 1665 15
203 1613 329 1671 inminet
360 1609 504 1690 hostium,
536 1617 610 1670 tunc
637 1610 766 1686 legitima
794 1610 874 1669 fossa
902 1607 1045 1668 ambitum
1074 1608 1216 1667 conuenit
1293 1665 1294 1684 ,

203 1701 320 1760 munire
348 1707 530 1779 castrorum,
558 1701 598 1759 ita
626 1707 659 1759 ut
683 1712 735 1758 xn
763 1698 853 1776 pedes
881 1697 938 1757 lata
962 1698 1001 1756 sit
1024 1703 1055 1755 et
1077 1694 1135 1755 ulta
1158 1692 1214 1756 sub
1293 1685 1294 1692 '

202 1787 288 1867 linea,
308 1789 386 1847 sicut
404 1787 561 1868 appellant,
580 1786 671 1866 pedes
691 1803 808 1846 nouem.
843 1785 940 1864 Supra
959 1793 1058 1845 autem
1078 1783 1217 1861 saepibus
1293 1775 1294 1850 Ῐ

203 1873 360 1936 hincinde
380 1875 475 1956 lactis,
499 1893 575 1954 quae
599 1874 635 1935 de
659 1876 738 1936 iossa
762 1875 858 1935 leuata
883 1875 981 1953 luerit,
1005 1881 1086 1934 terra
1109 1889 1218 1950 conge·
1288 1873 1294 1918 l

203 1967 282 2025 ritur
305 1971 335 2024 et
358 1966 468 2025 crescit
489 1966 521 2024 in
545 1963 636 2024 altum
659 1977 713 2024 1111
736 1962 836 2042 pedes.
879 1961 928 2023 Sic
951 1962 997 2041 fit,
1026 1974 1061 2021 ut
1089 1962 1129 2022 sit
1150 1974 1216 2022 1111
1293 1959 1294 1968 ’

163 2068 189 2106 20
202 2053 260 2114 alla
284 2061 313 2114 et
335 2066 385 2113 ΧΠ
408 2052 478 2133 lata,
507 2071 597 2132 supra
627 2070 715 2130 quam
743 2051 833 2112 sudes
861 2050 897 2110 de
921 2049 1009 2130 lignis
1033 2049 1216 2128 fortissimis,
1288 2051 1294 2130 a,

203 2141 404 2221 quasmilites
423 2149 542 2220 portare
566 2148 800 2220 consueuerant,
823 2139 1036 2218 praefiguntur.
1055 2137 1118 2198 'dd
1138 2136 1219 2216 quod
1293 2197 1294 2204 ,

203 2248 278 2309 opus
297 2230 411 2308 ligones
430 2240 524 2291 rastra
544 2228 646 2308 qualos
666 2228 780 2307 aliaque
797 2227 970 2289 utensilium
984 2243 1093 2306 genera
1107 2225 1219 2286 hahere
1293 2223 1294 2290 ?

117 2331 284 2375 Quemadmodum
309 2319 771 2398 conuenitsemperinpromptu.
796 2315 883 2376 XXV.
899 2315 958 2376 Sed
967 2314 1050 2375 facile
1060 2314 1220 2375 estabsen-
1293 2375 1294 2396 ,

98 2378 204 2412 muniendo
215 2376 256 2409 sint
268 2385 300 2408 on·

97 2420 300 2500 menni-¹¹²·
310 2407 390 2467 tibus
400 2408 579 2467 aduersariis
589 2414 685 2466 castra
696 2409 822 2485 munire,
833 2423 950 2487 uerum,
961 2406 986 2465 si
995 2403 1090 2464 hostis
1104 2405 1220 2465 ineum·
1293 2399 1294 2429 ³

220 2576 254 2630 V.
272 2576 303 2630 L.
378 2575 440 2630 Otr.
459 2575 559 2631 XXIII.
632 2577 754 2645 iporla
779 2575 897 2648 [aulem]
924 2578 955 2629 Π
1024 2573 1224 2643 dpapilionel

203 2647 332 2717 tendunt]
358 2648 392 2701 ob
415 2648 458 2700 luis
480 2647 571 2701 uerbis
596 2647 644 2713 sol.
669 2651 686 2701 7
709 2648 766 2702 eod.
793 2647 818 2700 V
838 2647 939 2715 Incipit
1024 2651 1040 2699 9
1063 2643 1172 2714 poenes
1192 2647 1224 2697 Π

274 2718 338 2773 Cir.
357 2716 469 2772 XXIIII.
524 2719 573 2772 hoc
595 2722 680 2786 ceput
702 2719 882 2787 inscriptione
904 2723 978 2772 earet
997 2715 1223 2786 praecedentique

203 2791 333 2846 continuo
351 2790 507 2844 ediscantur
524 2789 557 2842 in
577 2787 630 2858 QP
683 2788 801 2860 9[diu.]
821 2785 1052 2859 diplomate
1108 2785 1221 2857 nhil]

203 2860 262 2915 illis
272 2862 356 2930 culpo
394 2865 427 2913 18
446 2859 598 2928 lininnlpo
636 2865 669 2913 14
689 2858 741 2930 [et]
760 2858 819 2914 ulte
834 2861 885 2929 μΠ
920 2864 953 2913 15
969 2857 1094 2927 hostilQ
1129 2873 1223 2911 eamus

203 2947 329 2986 numeros
346 2932 429 2985 huius
446 2931 546 2999 cepitis
561 2931 612 2984 litt.
626 2947 703 2998 eepr.
718 2930 756 2984 M
799 2936 831 2984 16
851 2929 997 2985 duodecim
1012 2927 1132 2996 pedibni
1148 2927 1224 2998 [lata

204 3002 301 3056 11111
354 3006 387 3054 18
406 3000 512 3072 leuata]
533 3000 627 3071 egelts
645 3004 676 3054 11
738 3006 770 3056 19
790 3005 822 3056 ut
840 3000 947 3073 [nme
1004 2998 1069 3053 XIII
1088 2999 1171 3067 (ired.
1193 3000 1223 3068 p)

206 3073 244 3142 [p.
276 3072 336 3126 elta
355 3091 381 3138 e;
399 3072 535 3126 tredecim
553 3072 673 3141 pedibus
687 3072 781 3127 ellan
833 3078 868 3126 21
888 3070 1088 3127 consueuerant
1106 3069 1170 3124 sdP

204 3149 237 3197 22
252 3142 352 3214 rastra]
367 3142 456 3196 rostra
469 3146 500 3195 Π
515 3145 594 3198 rutro
607 3143 647 3198 st.
658 3142 743 3198 Sento.
757 3143 840 3212 pules
850 3144 929 3198 rutra
944 3142 1067 3197 Oudend.
1105 3140 1222 3210 qualos]

203 3213 285 3285 palos
299 3215 328 3268 n'
400 3214 499 3268 heberi
517 3216 569 3284 pli

223 3373 250 3428 S.
269 3374 299 3428 L.
355 3373 535 3443 ipraeturie
552 3374 580 3428 A
634 3371 793 3443 3reipicil]
812 3373 869 3426 -cet
887 3371 924 3442 A,
981 3370 1228 3441 sitiam]itla11

276 3445 420 3499 attendere
439 3447 470 3496 H
556 3450 573 3499 5
593 3443 748 3514 centuriae]
766 3444 906 3498 centuriae
923 3443 951 3495 A
970 3441 1110 3497 tentoriae
1129 3461 1150 3510 μ

206 3515 387 3585 6papilonel
403 3515 430 3569 o'
469 3515 676 3586 ipreeiurium
693 3514 722 3567 A
794 3514 857 3569 Gir.
876 3513 989 3568 XXIIII.
1028 3519 1062 3567 14
1080 3511 1178 3580 agrion
1196 3513 1226 3565 α’

255 3593 288 3641 15
307 3586 437 3642 imminet
455 3588 486 3638 H
520 3591 552 3640 17
572 3584 715 3657 saepibus]
734 3584 827 3655 sepius
833 3587 864 3638 11
898 3583 1046 3655 latuerit]
1066 3583 1176 3638 fuerint
1196 3583 1226 3638 α’
