2576 4080
434 200 497 257 nib.
515 200 577 270 1111,
596 207 639 257 ιο.
658 207 701 256 41.
1011 200 1076 267 159

72 351 133 427 quia
152 349 279 411 diuersis
298 349 417 411 casibus
437 349 585 430 aliquanta
604 357 757 411 mutantur
777 358 815 431 et,
833 351 912 430 quod
933 351 1074 414 conlitea-

72 437 135 498 dum
149 447 204 518 est,
224 438 366 500 caelestes
381 456 487 500 causas
501 438 629 500 bumana
644 438 779 499 eondieio
795 437 831 498 ad
849 439 971 518 plenum
986 457 1073 500 nasse

69 525 246 607 prohibetur,
260 526 328 587 ideo
342 528 479 588 nauticae
493 526 714 589 obseruationis
728 542 830 588 euram
841 527 984 588 trifariam
999 528 1073 590 diui·

69 613 143 675 dunt.
179 614 238 676 lut
257 617 336 676 enim
359 616 440 676 eirea
463 615 542 676 diem
566 623 710 676 statutum
733 623 785 676 aut
807 623 875 676 ante
899 615 948 676 uel
970 623 1074 694 postea

68 709 251 781 tempestates
274 704 340 764 lieri
363 712 542 783 conpertum
565 711 619 764 est.
657 702 739 764 Vnde
767 701 980 782 praecedentes
1003 716 1102 784 arpo-⁵

67 785 218 869 χειμάζειν,
246 798 403 852 nascentes
431 792 479 852 die
502 791 639 852 sollemni
665 786 827 872 χειμάζειν,
855 790 1074 872 subsequentes

66 874 275 958 μεταχειμάζειν
302 878 415 941 Graeco
448 879 593 941 uooabulo
626 888 846 959 nuncuparunt.
888 879 947 941 Sed
975 883 1074 941 omnia

67 984 235 1028 enumerare
264 969 438 1029 nominatim
467 977 518 1030 ant
548 971 685 1048 ineptum
708 969 847 1030 uideatur
869 980 921 1030 ant
943 968 1074 1050 longum,

66 1072 124 1115 eum
143 1064 284 1117 auctores
303 1055 424 1135 plurimi
443 1075 503 1118 non
523 1056 619 1118 solnm
634 1075 770 1118 mensum
785 1056 941 1118 sedetiam
956 1057 1074 1118 dierum

66 1145 203 1205 rationem
216 1143 378 1223 diligenter
392 1147 604 1224 expresserint.
628 1144 785 1207 'l'ransitns
799 1163 918 1224 quoqne
929 1145 1071 1226 siderum,
1087 1160 1115 1199 1⁰
1201 1149 1207 1162 '

66 1249 134 1308 quas
155 1233 293 1312 planetas
317 1241 434 1313 nonant,
459 1251 527 1294 eum
550 1235 736 1313 praescripto
760 1251 851 1294 oursn
870 1233 924 1294 Dei
948 1233 1072 1296 arbitrio

66 1323 203 1382 creatoris
223 1322 392 1400 suscipiunt
410 1323 494 1401 signa
513 1321 562 1382 uel
581 1322 734 1403 deserunt,
753 1323 928 1400 frequenter
941 1324 1073 1384 assolent

66 1425 160 1470 serena
190 1408 323 1470 turbare.
365 1409 597 1472 interluniorum
625 1417 725 1472 antem
753 1410 817 1471 dies
844 1409 1073 1488 tempestatibus

67 1495 160 1572 plenos
180 1506 213 1558 et
232 1497 442 1576 nauigantibus
460 1515 549 1578 quam
569 1501 694 1559 maxime
709 1498 887 1560 metuendos
901 1516 961 1558 non
976 1497 1072 1560 solum

65 1587 177 1661 peritiae
188 1588 267 1647 ratio
277 1585 328 1646 setl
342 1587 430 1647 etiam
447 1586 528 1665 uulgi
542 1605 616 1648 usus
630 1585 784 1666 intellegit.
807 1585 880 1648 XLI.
890 1586 963 1648 Mul·
973 1607 1002 1641 n.
1014 1608 1150 1650 pernossen-

66 1673 96 1731 tis
114 1692 234 1753 quoque
254 1675 347 1752 signis
366 1675 451 1736 etde
470 1674 631 1754 tranquillo
650 1674 798 1754 procellae
813 1684 843 1736 et
857 1675 893 1736 de
913 1683 1071 1756 tempesta·

67 1802 273 1814 -—--—--

78 1859 106 1916 V.
120 1861 150 1916 L.
220 1859 332 1933 lquia]
352 1862 427 1930 qnod
446 1861 477 1915 E
541 1861 696 1930 aliqnando
710 1865 741 1916 Π
754 1863 838 1933 eulpa
856 1868 920 1919 ante
938 1862 1071 1920 Sebwebe·

64 1930 122 1986 lium
214 1931 301 2002 quod]
334 1930 402 1999 qnia
419 1932 450 1986 E
536 1938 553 1987 2
580 1931 670 2004 nolle]
697 1932 766 1988 loire
793 1938 809 1987 i
900 1939 916 1987 3
944 1935 1072 1989 obierun-

62 2001 144 2056 tionel
158 2002 192 2056 E
262 2001 423 2058 diuidemus
437 2005 468 2056 Π
537 2001 674 2058 eneam
693 2005 778 2074 neapo
854 2004 950 2058 alieri
969 2006 1071 2060 laeuae

63 2075 186 2142 compsi
237 2089 288 2142 pre
301 2078 360 2129 tota
374 2075 448 2128 linea
460 2089 550 2130 vunan
564 2073 696 2129 cedentes
706 2077 737 2127 H
775 2071 974 2144 προχειμάζειν
987 2074 1072 2144 Lanp

63 2144 253 2209 prochimnzon
271 2146 302 2197 H
322 2160 509 2214 prneymezon
528 2144 559 2198 Ε
580 2161 790 2215 progymnaaon
808 2145 858 2214 eP²
886 2144 1072 2213 προχείμιισιν

62 2215 136 2283 nulpo
172 2219 191 2268 6
205 2209 349 2284 χειμάζειν
363 2215 447 2284 Lanp
464 2213 609 2269 chimenon
622 2218 653 2268 H
665 2231 799 2284 eymaaon
808 2213 839 2268 Ε
851 2229 1006 2284 gymnaaon
1018 2213 1067 2284 aP¹

64 2277 233 2410 lnrpelffiro
250 2286 335 2354 uulua
394 2285 606 2353 subsequenbem
624 2288 655 2338 Π
719 2280 969 2354 Ἰμεταχειμάζειν
988 2284 1072 2354 Lanu

63 2355 145 2410 metae
168 2355 174 2366 “
208 2371 277 2410 anon
292 2355 337 2410 aP
351 2358 562 2426 melaeymazon
573 2355 604 2409 E
621 2357 650 2408 et
665 2354 811 2409 chimenon
825 2357 855 2408 Π
871 2355 1072 2425 praepalpans

63 2427 151 2496 eatpo;
170 2429 206 2494 es.
219 2427 296 2481 Plio.
308 2425 346 2481 N.
357 2426 396 2481 H.
407 2431 452 2495 18,
467 2431 512 2497 67,
530 2428 580 2482 nbi
593 2442 651 2480 non
665 2422 888 2496 μεταχειμάζειν,
907 2425 954 2480 aad
971 2427 1072 2482 reatina

65 2523 315 2603 inexistentialiter
368 2533 576 2604 nuncuparunt]
594 2531 773 2600 nuncupatur
786 2531 818 2586 Ε
832 2548 926 2587 nuncu
947 2510 1072 2588 erian
1110 2522 1118 2528 ³

143 2610 160 2658 8
181 2604 232 2657 aab
253 2601 382 2684 ineptum
405 2602 537 2659 uideatur
556 2604 606 2658 ant
623 2602 652 2656 lo
758 2601 789 2656 E
811 2619 836 2660 a.
855 2603 873 2658 i.
891 2602 922 2657 ni
942 2604 1073 2659 eburnei

64 2668 170 2755 longum
190 2676 221 2727 Π
238 2671 276 2744 [a.
295 2690 313 2727 1.
333 2673 442 2798 uim
459 2675 576 2744 longum
595 2620 748 2744 aPlnffi.
769 2673 808 2746 n]
828 2673 869 2728 eli
887 2673 915 2728 lo
1017 2675 1070 2744 aP,

65 2739 95 2808 [a.
112 2760 129 2798 1.
148 2743 360 2869 ngvlongume
405 2745 490 2815 eulpa
544 2743 704 2800 amentum
722 2743 753 2798 E
769 2744 913 2799 mensuum
957 2761 1071 2814 pmen-

66 2809 127 2868 laam
146 2817 177 2868 11
205 2814 234 2868 Ρ
249 2816 334 2884 uulpo
422 2820 455 2870 10
474 2811 622 2870 tranlitnm
640 2813 672 2868 E
741 2814 865 2938 qnogne]
886 2831 939 2883 qne
960 2813 1003 2868 eP

65 2887 91 2936 11
113 2885 159 2940 dei
176 2884 246 2956 EA,
270 2885 301 2940 di
322 2889 353 2940 Π
374 2885 431 2941 diei
453 2886 519 2941 A’P
539 2885 585 2940 die
610 2885 648 2939 M
669 2883 730 2940 diei
749 2885 776 2940 L
816 2885 906 2939 ieram
928 2883 1013 2954 eulpa
1036 2884 1072 2938 de

64 2951 177 3012 Sariuer.
208 2955 387 3025 Oudendorp.
466 2961 500 3040 11
518 2955 618 3039 plenas
632 2958 662 3010 Π
679 2961 743 3025 poet
760 2955 810 3010 boe
828 2960 912 3023 caput
929 2955 961 3009 in
978 2953 1010 3008 Ε
1025 2971 1071 3010 en·

64 3027 311 3169 ἳεθτρέξιιίιᾶὲἷῧῖ
333 3033 359 3083 et
377 3033 394 3081 6
414 3031 538 3098 sequana
559 3026 637 3092 (uode
650 3026 757 3095 praes.)
846 3023 910 3080 Car.
928 3023 999 3081 XLI.

79 3268 103 3323 S.
117 3271 148 3326 L.
187 3277 201 3325 1
222 3272 289 3342 quin
307 3271 439 3345 dinariis]
459 3271 634 3342 qniednerlil
640 3272 678 3327 M
710 3271 911 3344 confitendum]
931 3272 1071 3327 conliden-

64 3337 123 3395 dam
141 3341 168 3396 α’
215 3343 376 3399 2οοιιᾱίιίο
394 3343 423 3397 Α
468 3345 678 3413 beomperbnm
697 3343 776 3411 Π(Ρ)
820 3341 901 3398 odie
920 3342 994 3466 10111]
1013 3341 1075 3397 dies

65 3407 117 3465 loll.
136 3413 167 3466 Ε
200 3413 328 3469 sollemni
342 3413 464 3469 EHMG
481 3413 629 3484 sollempni
648 3413 696 3484 (it
705 3414 770 3482 L)a
789 3412 906 3468 solemni
927 3413 955 3467 P
983 3411 1070 3468 olem-

64 3481 107 3547 pni
124 3485 150 3536 A
200 3484 410 3556 subsequentes]
430 3484 468 3538 -is
482 3485 509 3540 α’
557 3489 676 3555 lgreeo
694 3484 776 3540 etiarn
793 3483 826 3538 E
873 3489 905 3537 11
925 3483 1069 3607 planeta}

64 3551 172 3618 planeta
183 3557 211 3609 α’
249 3562 282 3610 12
292 3556 452 3612 attolentia
459 3555 586 3611 adsolent
597 3555 669 3610 aliP
699 3561 732 3609 15
741 3554 814 3610 ratio
824 3554 884 3625 led]
894 3555 1032 3609 rationum
1065 3554 1072 3576 '
