2604 4082
193 216 235 284 12
608 221 731 291 ciunt,
750 228 775 278 4.

193 370 315 449 fossam,
339 387 485 449 occupare
509 369 637 449 aliquem
661 371 759 432 locum
783 379 826 452 et,
849 389 887 431 ne
906 389 922 431 a
941 370 1210 433 contubernalibus

192 456 399 538 detrudantur,
418 460 511 518 scutis
530 461 660 520 inuicem
679 457 869 520 obuiantibus
889 461 952 519 niti.
988 459 1031 519 lta
1049 462 1209 520 exercitati

192 555 223 606 et
246 546 356 607 eruditi
378 548 409 606 in
434 544 555 607 sedibus
579 546 696 629 milites,
720 549 784 608 siue
803 547 846 608 illi
865 547 1019 626 legionarii
1038 550 1102 608 siue
1122 551 1207 608 auxi·
1294 613 1295 642 ,

191 634 281 696 liares
295 636 359 695 siue
374 637 491 714 equites
506 635 626 716 luerint,
645 653 712 696 cum
728 635 764 696 ad
784 635 1000 715 expeditionem
1020 654 1057 696 ex
1074 636 1210 697 diuersis

165 726 389 784 aconuenerint
412 726 554 804 nttrneris,
576 724 773 785 aemulatione
796 726 918 784 uirtutis
942 724 1086 803 proelium
1109 727 1209 804 magis

191 829 313 872 necesse
337 809 467 872 habeant
489 821 591 890 optare
614 831 704 893 qnam
723 815 830 874 otium:
862 831 949 872 nemo
969 815 1077 892 cogitat
1100 813 1136 872 de
1157 822 1206 874 tu·

191 900 296 981 multu,
320 902 371 979 qui
394 899 531 960 fiduciam
556 899 592 961 de
610 909 675 962 arte
695 901 743 962 uel
763 900 879 961 uiribus
897 903 983 979 gerit.
1020 899 1085 961 ltux
1103 910 1208 962 autem

192 1007 257 1049 osse
282 988 369 1048 debet
388 988 535 1068 adtentus,
557 996 593 1049 ut
610 990 641 1049 in
661 989 799 1050 omnibus
818 987 984 1069 legionibus
1003 991 1067 1049 siue
1086 989 1210 1050 auxiliis

191 1077 240 1137 net
263 1075 502 1137 anaxillationibus
526 1095 541 1136 a
565 1076 693 1138 tribunis
716 1079 838 1138 trienniis
855 1079 1078 1157 principiisque,
1102 1080 1127 1138 si
1150 1081 1208 1157 qui

150 1183 178 1222 ιο
191 1163 356 1225 turbulenti
378 1163 428 1225 uel
451 1164 584 1225 seditiosi
607 1173 677 1227 stant
700 1165 818 1247 milites,
842 1184 901 1226 non
924 1183 979 1245 pro
1003 1165 1114 1227 inuidia
1133 1183 1205 1246 sug·

190 1261 347 1331 gerentum
361 1253 413 1314 sed
428 1271 483 1331 pro
503 1272 603 1314 rarum
622 1257 749 1316 ueritate
768 1262 927 1333 cognoscat
941 1272 1052 1333 eosque
1070 1254 1205 1334 pruden-

190 1342 259 1401 tiori
279 1341 401 1402 oonsilio
421 1350 591 1422 segregatos
610 1362 625 1403 a
645 1345 751 1404 castris
770 1342 806 1403 ad
821 1342 966 1422 agendum
981 1342 1100 1424 aliquid,
1119 1343 1203 1421 quod

189 1431 263 1509 ipsis
285 1448 379 1510 prope
403 1430 540 1492 uideatur
559 1431 696 1512 optabile,
719 1431 824 1492 autad
844 1430 962 1494 castelle
981 1429 1131 1510 urbesque
1152 1432 1205 1492 de·

191 1525 277 1598 putet
295 1518 470 1579 muniendas
488 1526 578 1598 atque
598 1520 768 1600 seruandus,
786 1526 868 1580 tanta
883 1518 1054 1600 subtilitate,
1073 1528 1114 1599 ut,
1132 1537 1204 1580 cum

151 1625 177 1665 aa
191 1606 370 1686 abiciuntur,
394 1605 552 1668 uideantur
575 1608 670 1669 electi.
705 1607 872 1688 Numquam
890 1610 969 1668 enim
990 1607 1024 1668 ad
1049 1616 1204 1668 contuma-

190 1697 263 1754 ciam
292 1697 356 1773 pari
386 1711 534 1756 consensu
558 1696 716 1758 multitudo
739 1699 921 1776 prorumpit,
945 1695 997 1756 sed
1020 1698 1204 1757 incitatore
1295 1697 1296 1764 l

188 1783 301 1864 paucis,
321 1784 373 1861 qui
389 1785 533 1843 uitiorum
552 1785 758 1864 scelerumque
778 1788 973 1864 inpunitatem
993 1794 1115 1863 sperant
1131 1803 1202 1864 pee-
1295 1793 1296 1856 t

188 1887 256 1930 care
285 1889 353 1931 cum
382 1871 526 1950 plurimis.
568 1873 653 1944 Quod
680 1876 706 1934 si
734 1873 807 1933 terri
834 1873 1010 1934 medicinam
1038 1876 1205 1934 necessitas
1295 1887 1296 1948 j

188 1966 320 2019 extrema
347 1962 548 2041 persuaserit,
576 1964 688 2023 rectius
715 1969 762 2022 est
790 1979 871 2022 more
899 1963 1043 2022 maiorum
1071 1963 1103 2021 in
1131 1979 1204 2022 auo-
1295 1953 1296 1958 ’

92 2043 93 2046 ’
148 2067 175 2106 so
188 2055 269 2108 tores
289 2050 447 2109 criminum
472 2050 627 2124 uindicari,
650 2059 685 2111 ut
708 2051 744 2111 ad
767 2067 871 2111 omnes
895 2059 1007 2130 metus,
1030 2049 1066 2110 ad
1088 2067 1204 2129 paucos

186 2154 281 2216 poena
299 2139 463 2216 perueniat.
493 2135 715 2199 laudabiliores
736 2146 834 2200 tamen
854 2138 945 2199 duces
964 2146 1048 2217 sunt,
1072 2155 1203 2216 quorum

204 2308 237 2361 V.
256 2306 287 2364 L.
361 2307 480 2363 lfoliaa
499 2311 531 2362 Π
608 2307 726 2379 [locum]
746 2310 778 2362 Π
856 2309 921 2362 ain
945 2308 1062 2364 ionfise
1135 2308 1201 2364 niti.

185 2377 426 2459 Inquinasti
476 2379 561 2444 atille
580 2397 648 2435 corr,
668 2381 700 2434 a'u
717 2379 799 2434 init
816 2378 860 2434 illi
874 2379 947 2434 GdP
962 2378 1020 2434 illis
1035 2381 1050 2432 t
1068 2377 1205 2455 illnmbs

186 2447 300 2519 [ill1]H
334 2449 477 2503 tfuerunt
491 2449 518 2503 A
559 2449 679 2539 onum]
693 2449 765 2504 loeis
774 2451 858 2518 culpo
895 2449 1032 2504 dneoeil'e
1046 2449 1200 2504 habeante

184 2517 293 2571 neceli'e
310 2518 417 2572 habent
435 2519 578 2592 ([neeelTe]
593 2523 637 2590 Π)
650 2540 671 2573 π
698 2520 806 2575 neceli'e
821 2520 861 2576 eli
873 2521 998 2575 habeant
1011 2521 1040 2576 P
1082 2521 1201 2592 agerii]

184 2587 350 2640 habueritl
421 2587 484 2644 aa.
503 2607 526 2645 e.
546 2592 630 2660 uarlqo
703 2596 736 2646 to
755 2591 951 2662 suggerentum
968 2591 1037 2645 A'H
1051 2591 1202 2662 suggeren·
1239 2639 1252 2662 ,

185 2657 252 2711 dum
271 2677 290 2728 μ
307 2656 515 2728 suggerentium
536 2662 582 2714 aP
644 2667 675 2715 11
694 2679 745 2731 pro
764 2662 869 2734 rerum]
890 2677 1036 2731 procerum
1056 2680 1069 2715 ε
1133 2681 1201 2732 pru·

185 2727 312 2783 deniiore
326 2729 374 2785 aP
437 2735 470 2783 ta
488 2748 576 2802 prope
594 2732 666 2804 uid]
684 2732 867 2800 prouideatur
896 2731 1058 2790 -uidebatur
1077 2731 1112 2803 Q)
1131 2736 1146 2786 t

185 2800 322 2868 deputent
338 2802 411 2870 (ent
456 2803 563 2870 ;·qant
586 2801 624 2872 V)
643 2803 705 2858 aar
774 2809 807 2859 15
826 2803 882 2858 uid.
917 2801 1147 2858 existimentur&

186 2875 219 2926 ta
238 2869 284 2924 sed
297 2871 432 2927 incitatur
460 2871 506 2927 t'ad
519 2872 673 2928 incitantur
686 2877 701 2927 t
714 2873 737 2926 li
750 2873 968 2929 decidaturVIi
982 2874 1134 2928 decedatur
1143 2873 1202 2929 ΡΙ)
1296 2921 1297 2928 ,

235 2941 268 3023 [a
302 2961 314 2996 ε
362 2948 395 2997 ta
413 2943 573 3012 inpunitate
592 2943 669 3014 (imp.
684 2945 712 3016 d)
732 2944 777 2999 Ga
832 2950 864 2999 18
883 2944 950 2998 ferri
968 2945 1133 3000 oblitane
1153 2944 1206 2999 aP
1296 2935 1297 2966 ³

183 3011 245 3069 fian
305 3013 389 3082 culpo
450 3020 483 3068 ta
502 3013 554 3086 eit]
574 3031 607 3068 ex
626 3018 657 3070 Π
708 3031 785 3070 more
803 3015 853 3088 m.]
873 3017 963 3071 morte
982 3015 1102 3071 eliorum
1121 3017 1150 3070 P

183 3087 218 3136 ao
236 3079 436 3154 manicarent]
454 3084 597 3141 mancare
616 3087 649 3140 uc
661 3085 688 3140 L
704 3084 919 3156 concremento
949 3085 1093 3142 uitatem
1110 3101 1147 3140 ne
1163 3085 1199 3158 ρ,
1296 3073 1297 3096 ¹

255 3153 291 3207 ad
309 3152 349 3223 p]
369 3169 420 3222 per
438 3155 573 3225 paucot'l
646 3161 678 3210 nt
700 3156 799 3228 duces]
817 3125 928 3211 iudicet⁸
940 3158 988 3213 aP

200 3293 228 3348 S.
243 3293 273 3347 L.
317 3295 469 3364 bprelium
485 3297 516 3349 H
554 3303 674 3366 tiquam
693 3295 795 3368 ouum]
834 3297 991 3354 ntimobinm
1006 3298 1030 3367 (”
1045 3299 1094 3366 cr.)
1108 3297 1147 3350 M

183 3364 346 3420 'lddubiam
359 3364 403 3419 Aa
444 3367 606 3422 saltantur
616 3369 648 3420 Π
685 3367 750 3438 ali]
765 3367 792 3423 fe
879 3374 912 3422 10
926 3367 1092 3438 turbulenti]
1107 3366 1199 3422 tribn-

181 3434 252 3488 lenti
270 3435 309 3489 Μ
360 3441 393 3490 11
413 3436 547 3509 cantate]
566 3438 706 3494 uarietate
725 3440 756 3491 H
803 3439 954 3522 cognuscat
968 3438 1004 3492 A‘
1052 3442 1087 3491 tt
1104 3438 1200 3508 mnia]

181 3505 292 3560 tantm
311 3510 338 3560 Π
414 3512 447 3561 to
466 3509 705 3563 contumatiam
770 3515 803 3565 tr
822 3509 960 3566 maiorum
978 3509 1015 3562 A*
1078 3508 1200 3578 impuni-

183 3577 272 3632 tatem
291 3581 321 3632 11
393 3583 426 3633 18
444 3577 627 3651 medicinam]
646 3579 787 3635 medicina
805 3583 836 3634 H
905 3587 938 3636 at
957 3580 1061 3650 poena]
1080 3593 1156 3653 pens
1172 3581 1204 3633 Π
