2552 4082
197 179 275 234 XXX
626 177 777 234 Praefatio.

198 333 269 405 cipit
291 330 427 390 Historia
449 330 586 389 Romaua
607 329 745 403 Eutropii
769 327 892 388 baritis
916 328 1010 401 Vsque
1027 325 1079 387 Ad
1098 326 1215 389 Obitum

385 417 439 451 ..ss-

194 464 319 523 Iouiam'
336 464 482 538 Imptoris
506 461 562 522 Oui
579 460 691 536 Aliqua
709 461 823 522 Paulus
840 457 1042 536 Aquitepeusis
1060 462 1216 522 Diacouus

196 550 323 612 Addidit
344 552 460 627 Ropatu
483 548 664 625 Adetperpae
686 550 911 610 Beueueutauae
933 551 1083 610 Ductrieis
1099 552 1215 611 Deiude

197 641 282 700 Idem
304 641 419 701 Paulus
440 639 490 699 Ea
512 640 650 699 Diuersis
676 638 853 698 Auctoribus
881 638 1024 714 Oolbipeus
1045 637 1075 698 A
1105 639 1213 698 Uatcu-

195 733 304 789 tiuiaui
329 731 458 804 Imperio
485 730 635 803 Iucipieus
669 728 764 801 Vsque
785 727 836 787 Ad
864 727 1007 802 Tempora
1034 729 1215 800 Iustiuiaui·
1251 733 1252 756 ¹

196 817 289 892 mian
312 818 479 892 Laudotfus
496 815 596 892 Sapua
613 816 733 876 Secutus
750 816 846 877 Plura
864 817 905 874 Et
922 818 992 891 Ipse
1009 817 1059 878 Ea
1076 817 1215 877 Diuersis

198 906 539 980 Aaourrouscoaaas
566 907 607 964 Iu
633 905 748 965 Eadem
774 905 909 965 Historia
934 902 1058 966 Addidit
1080 905 1123 964 Et
1143 905 1215 966 Per-

197 997 282 1056 duuit
303 995 382 1054 Eam
411 995 505 1068 Vsque
527 989 578 1053 Ad
599 994 763 1068 Imperium
785 993 894 1054 Leouis
923 993 1006 1068 Quod
1027 995 1085 1054 Est
1106 993 1215 1054 Auuus

203 1129 375 1188 Domiuicac
405 1129 625 1187 Iucaruatiouis
656 1126 820 1187 Docere
851 1081 956 1188 Iud-ina.-
985 1127 1059 1188 VII.
1104 1128 1215 1201 Incipit

233 1217 286 1249 ..ss-

199 1261 259 1320 Lib
282 1255 380 1320 Prim⁹
402 1255 572 1320 Historiac’.
617 1259 810 1336 Subimipitur
840 1264 928 1320 series
959 1261 1168 1334 imperatorum
1196 1279 1216 1319 a
1254 1294 1255 1340 p

198 1348 325 1408 Caesare
354 1351 394 1408 ad
420 1349 570 1409 Basiliam
597 1354 623 1408 et
652 1348 874 1409 Ooustautiuma
905 1351 1016 1422 scripta
1048 1351 1085 1408 ab
1111 1349 1216 1408 hamam
1254 1343 1255 1416 i

199 1431 323 1512 aequati,
346 1443 378 1496 ut
399 1439 523 1506 uidetur,
547 1439 661 1508 sedula·
690 1439 829 1498 aduotata
851 1442 919 1497 siud
940 1455 1095 1511 repuorum
1117 1441 1216 1511 spatia

198 1543 250 1585 uec
271 1545 330 1586 uou
352 1543 467 1586 mmma
490 1545 596 1595 corum,
620 1544 694 1599 quae
716 1527 756 1586 ad
773 1544 835 1586 rem
854 1527 1042 1586 cbristiauam
1060 1529 1215 1599 pertiueut.
1255 1537 1256 1606 i

198 1612 263 1675 Fot.
292 1616 355 1675 305
393 1609 556 1688 ‘Aupustae
591 1615 792 1675 Romauorum
827 1614 907 1689 Quae
939 1613 1217 1688 Ooustautiuopotim

198 1696 418 1777 Repuauerumt'
451 1694 536 1784 (baec
568 1705 669 1763 titteris
700 1705 852 1777 quadratis
873 1706 962 1778 pictis
989 1704 1147 1776 sudorque
1171 1721 1216 1762 eu-

197 1797 287 1852 arata
314 1783 404 1872 suut).
450 1791 545 1852 Series
576 1795 677 1866 iuupit
707 1794 744 1852 ab
780 1783 907 1852 ‘Fausta
937 1809 1012 1851 uuor
1042 1794 1216 1851 coustamtiui
1256 1784 1257 1830 ¹

198 1884 299 1954 mapui
334 1881 429 1939 batem
463 1873 550 1953 titii',
592 1882 680 1940 desiu.
728 1874 874 1940 ‘Eudocia
913 1897 988 1940 uuor
1027 1873 1215 1940 micbabetis'.

198 1969 264 2028 Fot.
293 1971 468 2029 306-359
498 1971 657 2028 coutiuetur
695 1969 803 2044 Vepotii
835 1971 966 2043 epitoma.
1011 1969 1053 2028 Iu
1084 1972 1216 2043 marpiue
1257 2028 1258 2058 ἦ

198 2075 250 2117 uec
282 2075 341 2117 uou
366 2061 441 2118 iuter
474 2059 566 2118 iiueas
594 2063 738 2133 appareat
761 2059 887 2132 aiassae,
919 2075 994 2132 quas
1018 2061 1113 2132 parui
1143 2059 1215 2130 feci·
1257 2069 1258 2104 t

196 2151 267 2206 suut
306 2151 402 2207 autem
438 2149 564 2208 eiusdem
598 2165 705 2207 marius
740 2147 994 2222 Loupobardicae;
1040 2148 1132 2206 eiduu
1168 2148 1214 2205 de-

200 2237 297 2296 beums
318 2238 426 2296 amitas
448 2237 480 2295 iu
509 2240 586 2295 tectu
613 2238 812 2304 correctiones,
848 2252 922 2309 quae
939 2236 1062 2295 Hearici
1083 2237 1215 2309 tempori

199 2326 253 2384 bus
292 2329 455 2398 superiores
495 2326 642 2385 duceudae
681 2329 757 2385 suut.
809 2324 914 2384 Pbures
959 2327 1060 2383 mmmt
1099 2341 1214 2391 mouus,

201 2429 274 2485 quas
297 2413 418 2485 disdcite
440 2413 619 2488 distinguas,-
650 2431 720 2472 uam
741 2415 804 2472 iam
823 2416 926 2487 prima
943 2417 1012 2487 post
1032 2414 1148 2484 finitum
1172 2414 1214 2471 ta-

198 2502 295 2560 borem
318 2502 477 2574 compiures
495 2502 570 2560 iocos
588 2503 753 2560 emendasse
769 2504 896 2569 uidetur,
919 2502 987 2560 otiis
1005 2501 1073 2560 locis
1092 2505 1215 2574 apparet

199 2589 293 2647 attero
315 2605 434 2656 amaus,
458 2589 526 2648 otiis
549 2591 641 2649 tertia.
685 2590 805 2650 Iudicia
836 2592 979 2664 ameriam
1011 2589 1110 2649 docem
1139 2589 1216 2648 bauo

202 2693 235 2736 eu
267 2678 360 2736 codice
390 2677 610 2752 Loupobardice
640 2680 746 2753 scripoto
777 2696 921 2739 manasse.
967 2678 1060 2738 Libro
1093 2682 1215 2738 eatrcmo

201 2757 236 2847 (s.
262 2767 324 2826 359
344 2757 384 2847 r.)
412 2767 522 2826 adieuit
546 2770 687 2826 receutior
713 2769 856 2841 quaedam
881 2784 988 2827 mauus
1020 2757 1065 2847 (iu
1094 2768 1216 2826 siuistra

200 2848 362 2933 commua):
398 2855 490 2928 euplii
520 2857 573 2914 iste
601 2849 669 2928 iib'‚·
702 2858 742 2916 ad
769 2857 889 2916 caudem
915 2873 1035 2914 mauum
1062 2857 1216 2929 resereuda

199 2943 336 3002 uideatur
363 2960 437 3018 auae
465 2946 497 3002 iu
525 2945 650 3003 eiusdem
672 2947 803 3019 papiuae
829 2963 927 3004 uacua
954 2946 1055 3004 deutra
1082 2944 1216 3004 cotumua

201 3031 348 3105 tcpuutur:
372 3022 455 3106 ‘Quis
478 3032 548 3091 deus
569 3049 694 3106 mapuus
715 3035 789 3094 sicut
811 3035 881 3093 deus
902 3038 998 3094 uoster
1017 3030 1022 3106 Ι
1043 3037 1074 3092 tu
1097 3048 1126 3092 es
1145 3033 1216 3092 deus

200 3122 250 3194 qui
271 3121 348 3194 facis
369 3121 518 3180 mirabilia
538 3119 543 3195 Ι
563 3115 661 3183 sotios?

289 3205 370 3284 Quae
396 3210 431 3268 dc
456 3209 592 3272 Palatiuo
617 3213 679 3271 909
704 3211 831 3286 promti,
864 3213 975 3276 caucia,
999 3212 1215 3284 cumprimum

206 3297 353 3372 Vepetium
372 3299 490 3367 ederem
506 3316 539 3358 ea
557 3299 667 3359 schedis
684 3301 796 3373 sumpsi
809 3301 869 3358 uiri
887 3299 1043 3358 doctissimi
1056 3297 1108 3358 Du
1121 3297 1216 3368 Rieu,-

200 3404 259 3459 qua
282 3389 357 3445 euim
379 3389 427 3446 itte
450 3392 491 3447 cst
513 3391 618 3448 mimia
640 3389 831 3456 immeditate,
858 3392 1013 3462 postquam
1042 3387 1076 3446 de
1099 3387 1216 3446 coasilio

199 3491 260 3533 meo
290 3475 401 3549 Vepetii
429 3477 530 3537 edeudi
557 3494 628 3537 casu
660 3479 763 3536 certior
785 3481 826 3535 est
847 3478 957 3550 factus,
988 3476 1081 3534 muita
1103 3493 1159 3534 sua
1183 3476 1216 3534 de

206 3563 314 3638 chetii
337 3566 480 3626 codicibus
501 3567 611 3641 scripta
632 3584 695 3626 uua
717 3583 782 3625 eum
803 3567 902 3625 multis
920 3565 1118 3624 collationibus
1139 3565 1215 3622 ultro
