2576 4080
159 175 202 240 94
570 172 631 228 nio.
652 173 696 239 nr,
718 179 758 226 11.

151 331 213 402 est,
229 342 287 403 quo
302 330 384 384 tanto
401 324 493 400 magis
509 322 600 382 duces
616 320 725 382 debent
739 339 805 381 esse
822 319 948 401 solliciti,
959 329 1069 398 quanto
1080 321 1177 380 maior

160 421 297 492 speratur
322 410 513 492 diligentibus
536 410 628 488 gloria
653 418 682 470 et
706 411 800 470 maius
824 408 990 488 periculum
1015 411 1176 469 comitatur

160 504 282 580 ignauos
288 548 298 581 ,
321 502 352 559 in
372 518 430 578 quo
449 506 600 559 momento
619 500 743 576 peritiae
763 516 849 580 usus,
868 497 1019 576 pugnandi
1038 497 1176 558 electrina

160 589 375 668 consiliumque
395 588 573 648 dominatur.
610 586 768 647 Veteribus
788 586 914 647 saeculis
934 605 997 646 mos
1012 587 1069 647 fuit
1084 604 1177 664 pareo

132 678 227 739 scibo
251 685 370 738 curatos
398 677 507 738 milites
536 675 571 736 ad
603 684 753 737 certamen
778 675 919 754 educere,
943 685 977 735 ut
1000 676 1176 735 audaciores
1284 691 1285 696 ¹

161 774 278 846 sumpta
297 784 364 826 esca
383 765 524 825 redderet
543 772 572 825 et
591 764 724 842 longiore
744 765 883 825 conflictu
904 781 964 824 non
979 765 1177 842 fatigarentur
1280 797 1285 845 .'

160 856 264 916 inedia.
308 853 466 914 Praeterea
490 852 709 914 obseruandum
730 862 775 913 est
798 852 1005 932 praesentibus
1028 851 1177 932 hostibuS,
1280 850 1285 905 l

161 946 225 1005 siue
250 962 286 1004 ex
309 944 415 1004 castris
439 944 503 1002 siue
528 960 563 1001 ex
587 943 707 1002 ciuitate
727 942 873 1020 producas
892 941 928 1001 ad
948 940 1107 1020 proelium,
1128 959 1176 1022 ne,
1280 934 1285 981 t

161 1032 231 1093 dum
251 1050 306 1110 per
325 1038 450 1109 angusta
468 1039 623 1109 portarum
641 1030 840 1109 particulatim
862 1030 997 1110 procedit
1016 1033 1177 1110 exercitus
1284 1043 1285 1068 ³

121 1137 147 1176 1o
161 1119 334 1180 a'collectis
358 1126 388 1179 et
410 1121 520 1198 paratis
544 1118 715 1180 debilitetur
739 1121 875 1180 inimicis.
921 1117 1050 1198 Ideoque
1074 1121 1176 1198 proui-
1284 1133 1285 1158 ³

161 1208 291 1269 dendum
316 1216 375 1288 est,
398 1215 433 1268 ut
455 1215 523 1268 aute
547 1226 650 1268 omnes
674 1207 782 1268 milites
806 1207 997 1286 egrediantur
1020 1215 1122 1287 portas
1146 1219 1179 1268 et
1284 1245 1285 1248 =

162 1299 254 1358 aciem
285 1304 472 1370 construant,
502 1315 589 1375 quam
613 1296 707 1357 hostis
736 1296 882 1359 adueniat.
934 1295 1020 1366 Quod
1044 1299 1070 1357 si
1098 1299 1177 1357 iutra
1284 1331 1285 1337 κ

162 1388 313 1447 ciuitatem
329 1384 518 1446 manentibus
532 1394 653 1463 paratus
668 1384 831 1465 aduenerit,
842 1394 892 1447 aut
906 1385 1060 1446 differatur
1075 1403 1177 1464 egres·
1284 1390 1285 1424 ³

162 1493 214 1535 sus
237 1482 288 1536 arrt
317 1483 397 1534 certe
426 1473 644 1555 dissimuletur,
673 1482 719 1553 ut,
747 1492 815 1534 cum
844 1473 1008 1534 aduersarii
1031 1474 1177 1534 insultare
1284 1511 1285 1516 κ

123 1579 148 1620 15
164 1565 316 1642 coeperint
330 1562 387 1641 his,
398 1579 472 1640 quos
486 1580 546 1622 nou
562 1571 668 1642 putant
684 1565 824 1644 exituros,
835 1581 903 1623 cum
919 1563 954 1623 ad
970 1562 1111 1642 praedam
1126 1569 1177 1622 aut

163 1650 198 1711 ad
213 1651 398 1712 redeundum
415 1653 621 1712 conuerterint
640 1653 779 1731 animum,
794 1670 862 1712 curn
882 1651 1002 1712 ordines
1021 1651 1178 1731 soluerint,
1284 1663 1285 1692 ³

162 1751 234 1799 tunc
254 1739 312 1798 illis
332 1737 521 1817 stupentibus
540 1739 694 1800 lectissimi
712 1742 822 1819 quique
841 1747 1037 1820 prorumpant
1056 1748 1087 1801 et
1106 1758 1176 1800 con·
1284 1773 1285 1780 1

162 1828 234 1888 lerti
261 1826 472 1906 adgrediautur
500 1829 627 1906 ignaros.
674 1827 859 1889 Obseruatur
890 1836 1001 1908 autem,
1025 1848 1062 1890 ne
1087 1828 1176 1908 longo
1284 1837 1285 1870 ³

163 1919 258 1994 spatio
278 1917 430 1995 fatigatum
450 1916 575 1978 militem
594 1935 671 1979 notre
691 1916 785 1978 lassos
804 1927 872 1996 post
888 1935 1010 1979 cursum
1025 1935 1121 1997 equos
1140 1917 1177 1976 ad
1284 1935 1285 1992 j

123 2024 149 2063 ro
162 2004 315 2083 publicum
338 2004 486 2084 proelium
514 2023 614 2086 cogas3
648 2005 774 2067 multum
798 2007 908 2068 uirium
936 2005 1036 2067 labore
1059 2008 1178 2066 itineris

161 2104 350 2174 pugnaturus
369 2095 485 2154 amittit.
518 2093 596 2164 Quid
616 2094 712 2174 faciet,
728 2097 778 2174 qui
798 2095 833 2155 ad
853 2098 945 2156 aciem
962 2094 1112 2156 marcidus
1127 2095 1178 2154 ad·
1284 2095 1285 2106 ¹

180 2229 214 2284 V.
233 2229 264 2282 L.
339 2236 352 2282 1
374 2246 429 2296 quo
443 2231 523 2285 tanto
537 2229 615 2299 ApP
630 2230 685 2296 qud
708 2233 809 2298 quoii
833 2233 938 2298 quanto
959 2229 1004 2284 do
1076 2231 1182 2301 [magis

162 2330 196 2338 -
216 2300 334 2372 quanto]
353 2303 382 2352 Π
454 2307 470 2353 2
490 2300 592 2371 maius]
612 2299 704 2370 magis
719 2301 786 2370 μδΡ
846 2301 1007 2372 comitetur]
1029 2301 1178 2372 consurget

162 2369 192 2422 in
211 2373 241 2423 Π
310 2369 576 2443 4conlilium[que]
599 2373 683 2441 culpo
761 2371 905 2444 [saeculis]
929 2373 957 2426 P
1026 2371 1178 2442 dsnmpbu

163 2439 268 2512 01ch
292 2440 403 2510 sumptu
422 2440 499 2496 aesoe
519 2443 556 2495 Μ
575 2441 714 2512 sumptura
733 2442 792 2516 escp
813 2443 836 2514 Q
859 2443 985 2514 sumptui
1000 2441 1060 2516 escp
1084 2445 1178 2510 (sede

158 2513 242 2579 prius
256 2528 274 2564 a
287 2515 316 2576 2,
335 2514 504 2582 pposterios
522 2513 1178 2608 11111112111.εν,)11υωρ1ιιξωΐος2(1

218 2586 250 2633 12
270 2580 367 2652 quam]
387 2583 536 2650 antequam
552 2587 567 2637 1
617 2584 710 2639 hostes
725 2584 878 2640 adueniaut
892 2587 975 2656 uulgo
1028 2584 1074 2658 [11]
1095 2605 1113 2638 α

164 2657 197 2704 18
215 2651 324 2720 peratis
342 2656 407 2718 (a2
425 2652 441 2705 1
455 2658 537 2722 eros.)
557 2654 585 2708 A
606 2654 806 2726 impacatisque
820 2657 993 2712 Korttian.2
1007 2658 1092 2726 culpo
1129 2657 1179 2710 ad·

162 2723 291 2777 uenerint
309 2725 392 2794 uulgo
445 2732 478 2779 14
495 2725 629 2780 insultare
644 2727 714 2780 ΠΡ1
731 2725 846 2781 insulari
861 2728 887 2781 α’
906 2727 996 2781 insula
1009 2727 1036 2781 se
1054 2723 1081 2781 d
1100 2727 1179 2782 exul·

162 2795 256 2848 laced
328 2800 362 2850 15
381 2798 432 2851 aul
451 2797 511 2867 [ad]
535 2797 709 2852 redeundum
728 2797 773 2851 εΡ
843 2815 906 2853 eum
925 2797 997 2868 ord]
1017 2800 1046 2854 ei
1064 2815 1089 2853 o.
1108 2803 1123 2852 t

164 2869 197 2918 1⁷
216 2864 375 2992 lectissimi}
390 2866 540 2923 doctiffimi
554 2871 583 2921 Π
631 2875 663 2922 19
681 2885 717 2922 ne
736 2869 783 2922 uel
800 2868 884 2923 lassos
896 2870 940 2924 εΡ
954 2885 1025 2924 neue
1044 2869 1139 2938 lapsos
1149 2873 1181 2924 Π

217 2941 250 2988 21
269 2937 355 2990 marei
376 2938 411 2992 ui
425 2939 497 2994 (lise.
520 2937 607 2994 merie
627 2938 688 2993 eius
702 2938 730 2992 A
753 2940 848 2994 mariae
867 2940 927 2994 eius
942 2939 1002 2994 Mo
1022 2940 1142 2994 anbelus
1157 2960 1179 2993 π

162 3006 277 3061 Fd'rster
294 3005 425 3064 incautus
438 3014 453 3064 t

182 3113 209 3166 S.
224 3113 255 3167 L.
293 3113 460 3187 2iperetnr]
476 3115 600 3186 sperator
609 3117 647 3187 A1
696 3117 858 3189 tigneuos]
875 3117 973 3188 ignob3
988 3117 1016 3171 A
1029 3117 1180 3186 ignobili

164 3181 325 3254 (ignenibus
339 3189 365 3255 t)
424 3187 584 3257 pericieep
643 3187 741 3243 dcino
759 3191 791 3242 Π
847 3188 977 3313 edueerpp
997 3187 1131 3243 educeret
1149 3193 1180 3242 Π

234 3255 400 3312 audaciores
402 3258 413 3328 ]
428 3260 478 3314 eut
491 3258 599 3313 ociores
605 3261 636 3312 H
677 3259 820 3314 'iiuaodie
834 3258 940 3332 (inedia
990 3259 1020 3313 in
1038 3258 1103 3314 dieo
1114 3259 1148 3330 Q)
1163 3279 1176 3313 r

236 3333 269 3382 10
288 3326 451 3409 debilitetur
469 3332 499 3383 H
570 3335 602 3384 11
622 3329 721 3401 hortis]
741 3329 835 3384 holbel
850 3331 876 3384 α’
949 3277 1036 3402 intrel
1055 3329 1129 3385 intro
1149 3333 1179 3384 Π

236 3403 269 3451 13
288 3397 445 3470 differetur]
465 3398 576 3456 differam
589 3399 618 3455 A
674 3407 706 3454 15
726 3402 882 3472 coeperint]
897 3418 913 3455 c
930 3400 1025 3470 perint
1037 3403 1068 3454 Π
1120 3401 1176 3456 exi-

163 3466 255 3549 turon]
275 3466 478 3550 exigiturosu
531 3477 564 3524 1⁷
583 3469 740 3526 locutionis
755 3473 783 3527 A
843 3477 876 3526 18
895 3418 1108 3544 adgrediuntur]
1128 3473 1177 3526 ed-

163 3539 291 3606 greditur
308 3539 347 3594 Μ
361 3541 564 3610 aggredrautur
581 3543 612 3594 H
681 3548 714 3598 21
733 3543 921 3615 pugnaturus]
942 3542 986 3598 -os
1001 3543 1038 3613 A,
