2604 4082
498 236 558 290 111.
578 235 600 304 1,
618 240 661 290 1ο.
956 265 968 290 .
1045 235 1087 300 23

80 401 146 445 usus
174 401 235 445 non
264 383 391 465 laborat,
418 386 508 446 etiam
536 387 562 445 si
590 401 716 446 onerosa
739 386 911 463 gestauerit.
953 384 1012 445 Sed
1036 383 1088 464 illi,

80 475 126 549 qui
148 472 282 534 laborem
304 475 336 533 iu
359 473 512 552 portandis
535 473 690 534 ueteribus
714 475 908 534 munimentis
935 490 1088 534 armorum

81 559 152 621 serre
171 581 232 622 non
252 570 394 641 possunt,
413 561 538 623 detectis
558 562 734 641 corporibus
754 571 784 622 et
798 559 923 622 uulnera
938 565 1087 622 sustinere

82 653 219 726 coguntur
247 658 280 711 et
306 659 419 712 mortes
451 659 497 732 et,
524 650 603 729 quod
631 659 678 710 est
706 652 841 730 grauius,
869 659 921 711 aut
948 652 1014 729 capi
1037 658 1088 710 aut

81 745 153 799 certe
185 741 257 818 suga
290 738 504 818 rempublicam
538 739 674 818 prodere.
726 738 776 799 Sic
808 738 878 800 dum
911 737 1115 799 exercitium

80 824 265 908 laboremque
288 827 453 908 declinant,
476 845 545 888 cum
573 830 700 888 maximo
728 827 875 888 dedecore
900 826 1089 889 trucidantur

80 921 109 973 ut
133 917 273 994 pecudes.
316 915 399 977 Vnde
428 918 507 976 enim
535 916 612 994 apud
641 918 780 996 antiquos
805 933 911 976 murus
934 914 1089 976 dicebatur

78 1003 218 1080 pedestris
237 1007 406 1084 exercituo,
425 1006 483 1064 nisi
503 1005 581 1084 quod
602 1005 709 1083 pilatae
723 1004 856 1084 legiones
870 1011 991 1082 praeter
1005 1010 1088 1064 scuta

79 1093 160 1152 etiam
182 1095 357 1154 catafractis
380 1093 531 1173 galeisque
555 1089 729 1172 fulgebant?
751 1111 847 1172 usque
871 1111 920 1173 eo,
943 1101 978 1152 ut
1000 1094 1088 1170 sagit·

78 1183 139 1241 tarii
166 1184 291 1244 sinistra
318 1181 439 1242 brachia
467 1183 591 1242 manicis
618 1184 820 1260 munirentur,
849 1182 965 1260 pedites
988 1190 1129 1242 autem1o

77 1274 179 1332 scutati
202 1279 327 1350 praeter
355 1271 528 1331 catasractas
557 1280 587 1331 et
614 1270 712 1348 galeas
736 1272 823 1331 otiam
848 1271 962 1330 serreas
985 1287 1088 1330 ocreas

78 1358 105 1416 in
126 1358 242 1420 dextris
264 1359 405 1420 cruribus
423 1369 603 1438 cogerentur
627 1360 771 1438 accipere.
810 1358 859 1418 Sic
879 1368 964 1418 erant
982 1359 1089 1418 muniti

77 1445 127 1526 illi,
154 1450 207 1527 qui
236 1451 270 1508 in
298 1451 394 1527 prima
421 1451 484 1508 acie
512 1459 679 1526 pugnantes
706 1449 871 1526 principes,
899 1448 930 1508 in
959 1444 1089 1506 secunda

78 1532 191 1617 hastati,
221 1539 256 1596 in
284 1539 372 1597 tertia
400 1538 496 1596 triarii
524 1536 714 1597 vocabantur.
762 1537 821 1597 Sed
845 1537 941 1595 triarii
963 1533 1089 1613 genibus

77 1626 175 1699 positis
199 1624 338 1685 solebant
360 1627 439 1685 intra
463 1631 546 1686 scuta
571 1625 740 1705 subsidere,
760 1643 797 1684 ne
818 1632 931 1686 stantes
949 1622 1129 1684 uulnera-15

77 1720 175 1773 rentur
194 1713 391 1774 uenientibus
410 1713 477 1774 telis
497 1721 535 1794 et,
552 1732 621 1774 cram
635 1717 798 1776 necessitas
812 1712 1002 1792 postulasset,
1016 1723 1089 1772 tam·

77 1817 158 1877 quam
186 1803 321 1882 requieti
347 1802 557 1863 uehementius
587 1803 764 1864 inuaderent
791 1803 905 1881 hostes,
933 1819 950 1861 a
980 1801 1090 1881 quibus

76 1898 188 1951 constat
217 1909 308 1969 saepe
336 1891 444 1951 iactam
472 1909 538 1951 esse
568 1893 739 1972 uictoriam,
768 1909 835 1952 oum
864 1890 972 1951 hastati
994 1889 1037 1950 illi
1061 1896 1091 1950 ct

78 1979 125 2054 qui
137 1981 257 2057 priores
273 1987 419 2040 steterant
432 1982 615 2041 interissent.
652 1979 746 2040 Erant
763 1990 862 2041 tamen
877 1979 955 2059 apud
970 1987 1090 2038 ueteres

78 2066 150 2126 inter
176 2069 297 2146 pedites
331 2071 383 2146 qui
411 2068 588 2129 dicebantur
616 2067 692 2128 leuis
715 2076 895 2146 armaturae,
924 2067 1090 2126 sunditores
1105 2081 1131 2121 ro

77 2161 105 2213 et
130 2156 299 2234 ferentarii,
329 2158 381 2234 qui
409 2159 568 2236 praecipue
596 2159 627 2216 in
656 2153 797 2216 cornibus
822 2155 997 2215 locabantur
1020 2161 1090 2212 eta

79 2243 181 2318 quibus
199 2245 354 2324 pugnandi
373 2245 547 2305 sumebatur
561 2244 729 2325 exordium3
750 2244 802 2304 sed
816 2244 848 2304 bi
862 2251 892 2302 et
908 2241 1090 2302 uelocissimi

81 2338 107 2390 et
128 2335 369 2394 exercitatissimi
397 2333 585 2414 legebantur,
619 2351 676 2394 nec
705 2341 789 2393 erant
815 2330 971 2392 admodum
996 2329 1090 2410 multi,

79 2421 126 2496 qui
147 2423 305 2502 cedentes,
330 2425 355 2482 si
378 2422 485 2502 proelii
508 2424 672 2483 necessitas
691 2421 887 2501 conpulisset,
911 2421 990 2480 inter
1008 2421 1090 2499 prin-

78 2508 148 2586 cipia
176 2510 330 2590 legionum
358 2513 451 2590 recipi
480 2511 627 2592 solebant,
657 2513 698 2571 ita
725 2519 760 2571 ut
782 2512 861 2571 acies
884 2511 996 2570 inmota
1019 2527 1088 2568 con·
1103 2525 1129 2566 es

80 2597 202 2660 sisteret
246 2598 344 2677 Vsque
368 2598 404 2659 ad
426 2608 615 2678 praesentem
639 2618 732 2679 prope
756 2607 881 2660 aetatem
904 2597 1091 2660 consuetudo

81 2689 254 2767 permansit,
273 2696 307 2748 ut
325 2706 428 2748 omnes
447 2688 556 2749 milites
576 2687 684 2770 pilleis,
704 2706 779 2768 quos
798 2687 984 2748 Pannonicos
1003 2704 1091 2746 uoca-

98 2872 127 2928 V.
145 2875 176 2930 L.
218 2874 422 2944 lgestanerint
436 2877 465 2930 P
498 2874 644 2944 4grauius
663 2876 693 2930 et
710 2875 819 2944 turpius
837 2875 923 2966 uulgo
960 2873 1091 2942 bsugore

82 2941 175 3014 (fugire
191 2947 240 3014 M)
260 2947 367 3016 rempb.
382 2966 401 3000 α
418 2946 517 3016 fugere
531 2948 560 3000 et
573 2965 595 3001 r.
611 2945 669 3016 QP,
719 2944 854 3000 exercitia
866 2966 886 2998 π
943 2951 974 2999 11
990 2943 1096 3000 ferreas

83 3017 108 3066 et
125 3016 203 3071 ereas
218 3016 316 3071 ocreas
331 3020 362 3070 Π
414 3023 447 3073 15
465 3017 539 3071 inter
557 3016 636 3071 scuto
653 3017 736 3072 DPG
792 3023 823 3071 17
844 3016 886 3086 [s]
906 3015 1009 3084 quibus
1024 3035 1037 3071 a

85 3088 112 3136 19
129 3086 162 3158 1.]
178 3089 274 3142 autem
288 3090 372 3157 uulgo
409 3094 443 3143 20
457 3090 599 3143 armatura
616 3091 740 3156 suspicor
776 3087 909 3158 2211111]
925 3087 955 3141 bi
971 3088 1022 3158 [et]
1039 3087 1092 3157 (21)

83 3156 109 3206 ei
124 3157 154 3211 hi
171 3159 201 3212 P
247 3164 282 3212 24
301 3162 331 3214 et
348 3159 465 3230 interQ
515 3165 549 3214 26
568 3159 667 3230 prope]
687 3175 798 3227 quoque
817 3159 846 3212 P
888 3165 920 3214 27
941 3161 1045 3214 uocant
1062 3157 1091 3211 π’

85 3263 290 3278 *—

101 3313 124 3368 S.
143 3317 172 3373 L.
246 3318 417 3374 lhonerosa
434 3319 479 3374 εΡ
545 3318 776 3390 2111111111111]
798 3317 979 3372 monimentis
994 3318 1025 3370 Π

87 3385 250 3444 3sustenere
268 3390 304 3444 A’
384 3388 537 3459 4111011111]
557 3388 632 3444 artes
652 3391 690 3444 M
761 3391 867 3460 ‘sapui
884 3391 912 3444 A
983 3387 1092 3480 murus]

87 3458 173 3512 muros
186 3459 221 3515 A'
297 3467 329 3514 11
348 3460 455 3515 ferrens
469 3460 578 3516 socrees
590 3460 618 3514 A
679 3465 711 3513 18
731 3459 859 3516 astutiis
917 3466 950 3516 19
970 3463 1039 3529 aput
1056 3460 1084 3513 A

88 3527 128 3596 (δι’)
145 3531 190 3600 Μ)
262 3536 298 3586 20
316 3531 433 3601 pedetes
449 3533 487 3585 M
556 3530 651 3585 ethii
668 3533 696 3585 A
760 3537 795 3586 24
814 3530 989 3602 compulisset
1007 3532 1038 3584 Π

87 3601 117 3649 25
134 3597 249 3658 immola
267 3605 298 3655 H
367 3608 401 3657 27
421 3600 528 3674 pilleis]
549 3601 651 3672 pelleis
665 3603 714 3671 pP
