2576 4080
439 243 705 312 mmmm
1013 241 1076 307 m

68 392 225 454 defendere
252 390 420 454 bellatores.
461 389 535 452 Nam
564 408 647 452 more
675 390 807 452 fulminis
836 388 976 470 quicquid
1009 407 1076 472 per·

67 482 214 543 cesserint
237 489 289 543 aut
310 480 476 543 dissolucre
499 487 551 542 aut
572 482 745 560 inrumpere
769 477 974 556 consuerunt]

152 567 243 630 XXX.
267 569 311 630 td
335 569 495 649 capiendos
513 585 616 629 muros
636 567 730 630 scalae
749 567 798 628 uel
818 566 970 628 machinae
993 605 1160 647 mmm

67 659 226 737 plurimum
241 657 349 738 ualent,
367 659 393 718 si
407 675 442 718 ea
456 656 658 736 magnitudine
674 665 834 736 conpactae
849 655 970 736 fuerint,
979 651 1183 729 mamm*

66 754 96 807 ut
117 746 307 808 altitudinem
335 756 500 824 ennperent
529 747 667 806 ciuitatis.
708 743 848 805 Mensura
871 739 1048 804 autem⁰¹²¹¹²⁸'
1058 739 1167 774 ΜΨ*

68 835 216 915 colligitur
239 834 351 915 duplici
373 834 476 914 mod03
499 841 550 896 aut
573 836 653 894 enirn
675 833 768 894 linum
793 841 882 893 tenue
906 841 936 893 et
958 831 1077 912 expedi·

66 933 125 984 tum
144 941 208 984 uno
228 925 324 1003 capite
344 924 475 984 nectitur
492 924 523 983 in
543 923 657 1002 sagitta,
676 939 752 1001 quae
772 937 840 982 cum
855 920 890 981 ad
906 923 985 981 muri
999 921 1078 982 lasti·

66 1015 107 1092 gia
131 1012 248 1073 directa
271 1012 454 1091 peruenerit,
477 1027 513 1070 ex
536 1026 676 1072 mensura
699 1009 753 1070 lini
775 1026 931 1071 murorum
954 1008 1077 1070 altitudo

67 1099 313 1180 deprehenditur,
341 1107 393 1161 aut
415 1105 512 1180 certe,
535 1115 603 1159 cum
628 1099 671 1159 sol
694 1097 832 1177 obliquus
856 1097 991 1159 umbram
1015 1106 1077 1159 tur-

66 1191 139 1250 rium
162 1205 383 1267 murorumque
404 1186 552 1248 inculatur
575 1189 605 1248 in
628 1194 753 1262 terram,
777 1194 849 1247 tunc
870 1185 1077 1266 ignorantibus
1092 1199 1118 1239 10

68 1277 248 1338 aduersariis
270 1275 394 1338 umbrae
417 1275 498 1338 illius
521 1277 649 1355 spatium
668 1281 859 1336 mensuratur
877 1279 1009 1354 itemque
1028 1275 1077 1335 de-

67 1366 206 1446 cempeda
226 1365 328 1444 ligitur
342 1372 373 1424 et
390 1363 495 1425 umbra
514 1366 608 1442 ipsius
627 1363 764 1424 similiter
782 1371 982 1424 mensuratur.
1012 1362 1077 1433 Quo

67 1454 188 1516 collecto
215 1470 304 1514 nemo
326 1451 443 1514 dubitat
466 1471 502 1513 ex
525 1451 629 1512 umbra
650 1451 846 1531 decempedae
864 1451 995 1511 inueniri
1014 1449 1077 1510 alti·

68 1543 200 1604 tudinem
229 1543 374 1623 ciuitatis,
402 1559 471 1602 cum
499 1543 625 1615 sciatur,
654 1546 763 1619 quanta
786 1539 910 1600 altitudo
934 1546 1077 1618 quantum

68 1631 186 1692 umbrae
212 1632 309 1692 mittat
331 1632 363 1691 in
386 1629 517 1708 longum.
1092 1640 1118 1680 rs

150 1789 237 1862 Quae
256 1788 293 1850 ad
312 1788 525 1868 obpugnandas
543 1787 593 1848 uel
611 1787 813 1857 defendendas
832 1786 922 1849 urbes
941 1795 1078 1848 auctores

68 1876 239 1940 bellicarum
258 1879 367 1938 artium
387 1874 584 1955 prddiderunt
602 1876 652 1937 uel
669 1894 746 1955 quae
764 1877 931 1938 recentium
949 1877 1078 1936 necessi·

68 1975 156 2028 tatum
171 1983 248 2028 usus
262 1967 387 2045 inuenit,
405 1983 460 2044 pro
475 1964 603 2045 publiea,
617 1973 653 2026 ut
666 1964 804 2043 arbitror,
818 1964 946 2026 utilitate
960 1964 1079 2042 digessi,

68 2054 134 2117 illud
152 2057 267 2116 iterum
285 2056 456 2132 iterumque
475 2070 677 2133 commonens,
699 2059 734 2114 ut
752 2051 956 2113 sollertissime
975 2068 1079 2112 cauca-

68 2151 121 2225 tur,
143 2161 183 2204 ne
209 2141 326 2221 quando
350 2150 402 2202 aut
423 2148 513 2220 potus
536 2143 635 2221 inopia
659 2148 792 2219 emergat
809 2148 861 2201 aut
878 2138 947 2218 cibi,
970 2137 1079 2217 quibus
1093 2153 1120 2193 20

83 2279 113 2335 V.
132 2277 163 2334 L.
221 2276 458 2332 tconlueuerunt
476 2276 566 2331 HVP

134 2348 200 2404 (lar.
219 2346 305 2403 XXX.
342 2353 360 2401 4
380 2346 546 2419 conpectee]
567 2347 720 2416 oonpeetae
740 2345 767 2398 α’
787 2343 951 2412 conspectae
966 2344 1004 2414 A²
1021 2348 1079 2398 unt.

70 2420 210 2476 confectae
230 2419 302 2475 (diss.
360 2423 376 2472 5
396 2418 560 2489 exuperant]
580 2421 623 2471 nt
643 2416 796 2472 exuberent
814 2435 832 2469 u
852 2413 1016 2496 exsuperent
1033 2413 1083 2467 aP

100 2497 115 2546 6
132 2491 225 2546 linum
244 2489 316 2559 (lina
334 2488 401 2544 Pur.
421 2490 507 2559 6503)
525 2490 610 2543 tenue
628 2489 701 2558 (em
716 2488 757 2556 ss)
777 2488 805 2542 et
823 2483 985 2556 expeditum
995 2483 1084 2540 θΠῐ7

70 2559 130 2616 Pur.
150 2564 227 2617 6503
245 2559 335 2614 linum
353 2559 437 2613 tenue
456 2559 619 2629 expeditum
637 2557 696 2613 ΒΡ
715 2557 776 2613 linu
794 2560 878 2613 tenue
898 2558 954 2626 (aa
972 2556 1011 2627 A)
1036 2573 1080 2611 ex·

70 2633 195 2699 peditum
213 2632 242 2686 α’
259 2630 319 2686 lino
337 2629 417 2685 tenui
436 2633 464 2684 et
483 2630 613 2698 expedito
632 2632 647 2682 l
720 2635 735 2683 7
754 2627 890 2699 nectitur]
909 2627 986 2684 necti
1005 2647 1023 2682 α

70 2701 186 2775 integ]
212 2703 243 2757 et
264 2701 358 2770 lugd
450 2707 481 2754 11
501 2698 593 2772 illius]
617 2698 718 2754 melius
733 2702 766 2753 Π
852 2704 885 2752 13
904 2697 1037 2770 collecto]
1057 2716 1080 2752 c.

70 2788 179 2829 numero
198 2776 214 2826 t
299 2770 486 2840 decempedae
520 2769 705 2840 decempedas
720 2770 779 2824 c'D
796 2771 969 2839 decempeda
989 2767 1016 2823 G
1033 2769 1080 2824 de-

71 2843 238 2915 cempedilt
329 2847 363 2896 14
381 2845 489 2909 quanta
520 2843 602 2896 tanta
620 2845 663 2896 rit
754 2848 787 2896 17
805 2837 1003 2910 prodiderunt]
1023 2839 1080 2893 edi-

71 2912 168 2992 derunt
185 2917 217 2968 H
304 2913 472 2983 recentium]
496 2913 637 2968 recentior
655 2912 702 2966 dP
722 2913 807 2982 culpo
899 2917 931 2965 19
951 2909 1078 2981 [iberum]

71 2985 224 3054 rterumque
244 2984 289 3039 sP
359 2989 393 3038 20
412 2983 591 3054 inmergatd
862 3010 875 3019 ·

87 3107 111 3164 S.
128 3111 160 3164 L.
237 3107 409 3178 lquidquid
427 3107 464 3178 Al
540 3105 729 3176 tirrumpere
748 3106 780 3159 Π

93 3247 98 3260 ,
137 3179 210 3262 One..
220 3179 306 3234 XXX
344 3177 431 3259 dea]
448 3194 462 3261 e
481 3179 512 3231 Π
583 3175 837 3260 θᾱυρΙίοἰ].ᾶαρ1.ἰ
855 3177 891 3247 A¹
970 3175 1080 3258 ⁷.faffi'

73 3245 1084 3389 rgfuffifflsuffgqfflg{gbguregpufflbgfflmggtuffp

138 3397 171 3447 10
189 3361 307 3462 terrum]
326 3392 404 3446 terra
422 3393 452 3444 Π
528 3395 559 3442 11
580 3359 711 3473 [1111111111Ι
724 3390 763 3444 Μ
835 3388 973 3471 itemque]
992 3385 1079 3442 idem·

74 3475 121 3526 que
139 3483 158 3517 α
230 3461 417 3532 decompecda
435 3461 471 3515 M
547 3466 580 3514 13
600 3459 791 3532 cltrtudrnem]
811 3459 962 3515 altitudine
981 3460 1008 3513 α’

76 3536 103 3585 16
121 3532 209 3604 Quae]
232 3534 320 3599 Quem
339 3535 369 3586 Π
440 3547 603 3601 oppngmp
676 3537 709 3587 17
726 3529 866 3586 rcentium
885 3531 923 3584 M
985 3534 1019 3584 20
1037 3529 1080 3583 in-

74 3601 133 3672 opie
150 3604 288 3676 emerget]
307 3602 404 3677 inopie
422 3603 533 3672 merget
550 3602 580 3658 A
596 3600 692 3672 inopie
710 3604 821 3672 mergat
840 3601 878 3656 M
