2604 4082
473 189 536 282 cib.
555 227 602 294 111,
622 235 646 283 a.
1023 229 1067 296 83

64 375 92 435 ab
114 373 363 453 agrimensoribus
386 376 556 455 podismum
579 393 736 437 mensurae
761 375 859 457 colligi
882 387 1009 460 oportet,
1033 387 1067 442 ut

64 465 92 524 ad
114 465 306 543 quantitatem
326 464 522 525 concludatur
541 466 699 526 exercitus.
735 463 810 526 Nam
828 476 1066 546 propugnatores

63 561 174 632 augusta
197 554 369 631 constipant
392 561 422 613 et
446 553 523 614 ultra
547 571 635 632 quam
659 557 801 615 conuenit
830 554 935 615 latiora
958 556 1065 617 disiun-

63 644 133 703 duut.
167 640 278 702 Tribus
301 648 401 702 autem
424 642 520 702 modis
544 642 690 703 definiunt
714 652 811 704 castra
834 645 945 704 muniri
968 663 1065 723 posse.

62 731 181 792 Primum
200 733 231 790 iu
252 731 342 790 unius
361 732 459 790 noctis
479 731 638 792 transitum
653 740 683 792 et
702 733 819 792 itineris
839 734 1091 810 occupationemc

65 819 205 901 leuiorem,
229 837 299 879 cum
324 818 432 879 sublati
451 821 598 899 caespites
622 820 799 882 ordinantur
818 828 848 881 et
867 839 1005 900 aggerem
1025 821 1066 881 sa-

66 911 144 989 ciuut,
167 926 257 986 supra
282 925 372 987 quem
394 907 480 988 ualli,
504 908 561 968 boc
585 917 631 969 est
654 908 743 970 sudes
767 909 815 970 uel
841 909 942 970 tribuli
966 909 1065 989 lignei,

63 997 258 1075 perordinem
278 996 463 1075 digeruntur.
502 996 630 1075 Caespes
648 1007 746 1059 autem
762 998 987 1060 circumciditur
1006 999 1064 1059 ler-

63 1089 199 1166 ramentis,
223 1087 277 1164 qui
295 1083 456 1145 herbarum
475 1085 627 1146 radicibus
646 1089 780 1147 continet
798 1095 917 1166 terram,
936 1088 969 1147 fit
988 1086 1065 1148 altus

62 1177 212 1254 semissem,
232 1173 310 1234 latus
325 1173 439 1253 pedem,
458 1174 566 1254 longus
584 1175 690 1254 pedem
709 1178 807 1236 semis.
839 1175 965 1247 Quodsi
984 1185 1064 1237 terra
1079 1191 1105 1230 10

61 1264 174 1324 solutior
202 1263 307 1342 scierit,
340 1271 373 1322 ut
402 1262 437 1322 ad
467 1263 691 1324 similitudinem
724 1263 826 1324 lateris
855 1282 976 1343 caespes
1003 1284 1064 1325 nou

60 1355 143 1430 possit
170 1351 298 1431 abscidi,
331 1358 403 1411 tuuc
431 1369 522 1431 opere
555 1353 751 1413 tumultuario
780 1353 859 1412 fossa
886 1355 1064 1434 percutitur,

60 1441 107 1501 lata
128 1441 219 1522 pedes
249 1441 394 1520 quinque,
422 1438 479 1500 alta
507 1448 582 1521 tres,
611 1443 660 1502 cui
687 1443 869 1502 intrinsecus
897 1458 986 1520 agger
1015 1459 1063 1500 ex·

61 1533 166 1611 crescit,
185 1536 220 1590 ut
235 1530 299 1588 siue
319 1536 400 1588 metu
420 1547 545 1589 securus
565 1531 734 1608 requiescat
753 1532 913 1592 exercitus.
949 1528 1064 1589 Statiua

60 1627 147 1680 autem
171 1627 269 1678 castra
293 1625 404 1678 aestate
424 1617 473 1678 uel
491 1617 599 1698 hieme,
622 1618 707 1679 hoste
727 1620 838 1699 uicino,
861 1619 972 1678 maiore
992 1636 1063 1679 cura
1079 1631 1104 1672 15

60 1726 87 1767 ac
108 1707 207 1768 labore
232 1707 397 1766 firmantur.
431 1705 504 1768 Nam
524 1706 656 1786 singulae
677 1710 838 1789 centuriae,
862 1707 1065 1768 diuidentibus

59 1794 321 1876 campiductoribus
337 1805 366 1854 et
380 1797 544 1875 principiis,
564 1795 716 1874 accipiunt
733 1795 893 1875 pedaturas
913 1804 952 1877 et,
972 1799 1065 1858 scutis

58 1885 100 1944 uel
123 1885 247 1946 sarcinis
272 1885 335 1944 suis
357 1885 389 1943 iu
413 1882 517 1944 orbem
540 1887 619 1944 circa
643 1888 764 1964 propria
792 1889 875 1965 signa
903 1885 1064 1966 dispositis,

58 1975 141 2034 cincti
158 1973 256 2053 gladio
275 1972 386 2033 fossam
404 1975 542 2051 aperiunt
561 1973 648 2034 latam
668 1982 719 2034 aut
737 1993 846 2035 nouem
861 1981 912 2034 aut
925 1974 1065 2034 undecim

70 2143 99 2198 V.
119 2145 150 2198 It.
206 2150 223 2198 4
241 2143 333 2198 tribus
347 2161 372 2199 a.
392 2161 428 2197 m.
448 2143 475 2200 d.
495 2159 517 2196 c.
536 2159 573 2197 m.
592 2160 619 2210 p.
639 2143 685 2197 cP
704 2144 763 2198 tros
778 2143 841 2210 (tris
853 2144 902 2212 M)
923 2160 947 2196 a.
967 2141 1068 2198 modus

57 2217 131 2280 (corr.
149 2217 182 2269 a'n
196 2214 240 2269 ·ol
248 2215 286 2268 Μ
287 2237 297 2282 ;
315 2214 415 2268 modos
424 2216 464 2282 Π)
483 2214 618 2268 definiunt
633 2215 701 2281 (diff.
717 2217 760 2284 Π)
778 2213 846 2268 folse
866 2212 951 2282 (fossae
966 2213 1002 2282 G)
1016 2215 1067 2266 αΠ

55 2286 107 2340 trel
120 2303 145 2341 a
163 2285 265 2340 modos
280 2283 408 2340 efficiunt
426 2285 524 2354 (efefic.
539 2285 576 2349 L)
594 2284 680 2340 fossas
694 2289 708 2339 t
773 2290 788 2337 b
807 2283 926 2338 transitu
945 2284 1009 2355 HQ,

57 2357 263 2428 occupationem
276 2355 411 2410 leuiorem
426 2357 444 2408 δ
458 2355 641 2426 occupatione
656 2355 791 2410 leuiorem
806 2357 842 2424 (ci
854 2355 892 2425 A)
907 2375 925 2408 a
945 2371 1064 2424 occupa-

56 2427 125 2482 tione
142 2428 251 2483 leuiore
270 2427 343 2482 an
414 2431 447 2481 10
465 2426 600 2481 semissem
623 2427 699 2481 latus
718 2427 817 2496 pedem
843 2425 945 2496 longus
962 2425 1064 2495 pedem

57 2496 131 2552 semis
140 2499 193 2554 ors.
212 2498 289 2553 latus
299 2499 340 2570 [p.
354 2498 386 2569 l.]
405 2497 469 2568 ped.
483 2497 601 2552 remissi
613 2497 696 2552 tamis
710 2499 810 2567 pedem
828 2497 905 2552 latus
919 2516 946 2568 p.
965 2496 1068 2568 longui

57 2585 80 2636 p.
93 2569 167 2624 [dP
178 2569 284 2624 semisse
298 2587 317 2640 p
331 2570 420 2638 longui
433 2569 504 2637 padri
518 2567 600 2624 semis
610 2569 638 2622 L
651 2569 753 2638 pedem
767 2568 903 2624 semissem
915 2587 935 2640 p
949 2569 1065 2640 longum

57 2644 291 2746 iademmemitp
333 2681 365 2730 12
385 2673 513 2730 abscindi
527 2675 611 2744 culpo
646 2675 804 2744 percutitur
818 2679 867 2730 αΠ
883 2676 1026 2746 percuitur
1039 2675 1066 2728 L

57 2748 233 2815 percircuitur
248 2747 271 2818 Q
284 2745 448 2818 perducitur
462 2746 509 2800 uP
520 2745 699 2815 praeducitur
713 2745 830 2816 Lipsius
845 2747 913 2800 Oad.
957 2751 990 2799 13
1006 2745 1065 2798 ulta

57 2819 281 2885 peternessa.
301 2837 328 2887 p.
348 2817 387 2871 111
401 2817 430 2871 P
479 2816 560 2872 cuius
574 2818 658 2886 uulgo
708 2817 840 2874 accrescit
858 2820 889 2871 H
938 2821 970 2868 17
991 2832 1065 2870 cam·

56 2889 245 2957 piductoribus
260 2892 290 2943 H
360 2887 445 2944 scutis
460 2887 489 2942 et
507 2887 574 2944 sare.
593 2887 622 2942 P
637 2887 671 2943 sc.
692 2905 725 2943 ac
743 2888 761 2943 Γ.
781 2889 866 2970 culpo
940 2891 972 2940 18
991 2885 1066 2940 circa

56 2961 163 3030 propria
186 2960 266 3031 signa
289 2959 429 3030 dispofitil
447 2958 544 3013 A'VP
572 2975 595 3012 c.
644 3001 650 3014 .
678 2958 697 3013 s.
725 2957 859 3029 depositis
877 2959 907 3012 D
935 2974 959 3015 c.
986 2956 1066 3026 sigua

55 3031 216 3104 pprioribus
228 3029 329 3100 politis
338 3034 369 3084 Π
386 3029 460 3085 circa
478 3029 592 3100 propria
614 2977 731 3100 signatis
745 3029 843 3100 politis
858 3029 896 3084 M
910 3028 985 3084 circa
1002 3046 1067 3098 pro·

56 3103 140 3168 priam
159 3101 277 3174 signatis
292 3103 322 3156 et
339 3100 508 3172 dispofitisr
583 3107 614 3156 19
634 3099 733 3172 cincti]
754 3101 848 3158 cuncti
868 3101 904 3156 A’

72 3244 95 3300 S.
114 3247 145 3301 L.
221 3251 234 3297 1
255 3243 505 3314 agrimensoribul]
530 3242 758 3312 agrimesloribus
773 3264 791 3298 α
877 3241 989 3312 colligi]
1009 3239 1065 3294 col-

56 3312 79 3367 le
98 3316 138 3370 'e
194 3315 396 3386 quantitatem]
417 3330 445 3368 ·e
463 3317 493 3368 Π
546 3314 726 3386 suggerem]
746 3331 850 3384 aggere
868 3317 900 3368 H
948 3310 1063 3380 rualli]

56 3331 119 3440 built
137 3391 167 3441 Π
229 3385 327 3441 tribuli
345 3389 376 3440 Π
438 3384 600 3455 8caespel]
620 3384 709 3458 cpspis
723 3386 752 3441 A
771 3384 877 3466 caelpis
893 3385 931 3438 M
947 3381 1065 3451 cespist

104 3457 201 3530 tiqui]
222 3472 295 3527 quaa
314 3477 334 3511 α
389 3463 420 3512 11
441 3456 560 3511 solucior
578 3456 617 3510 M
667 3456 704 3509 ad
722 3455 935 3512 similitudmem
967 3452 1017 3508 as.
1033 3453 1069 3506 M

104 3528 229 3600 caespes]
244 3527 339 3598 cespes
345 3547 365 3598 p
403 3533 436 3582 tu
451 3526 574 3584 maiorue
589 3542 655 3581 cura
665 3527 703 3582 M
737 3533 769 3582 18
785 3526 893 3598 orbem]
904 3545 937 3579 ur
957 3541 1001 3579 em
1011 3544 1030 3576 α

59 3603 87 3651 19
106 3601 248 3672 apedunt]
268 3599 398 3668 aperiant
415 3602 445 3653 Π

870 3681 907 3736 6*
