2552 4082
201 236 320 292 XXVIII
631 233 782 290 Praefatio.

202 405 269 448 sum
293 379 376 466 (sum
398 403 452 445 cru.
476 377 564 466 coi),
594 385 675 461 quod
698 404 799 444 amore
822 384 944 460 sophiae
968 376 1119 466 (sofphiae
1142 378 1220 468 cod.)

202 476 318 534 animus
343 475 383 534 sit
405 477 525 534 uestrae
548 473 657 534 indolis
681 466 805 556 (indolis
828 492 920 548 supra
944 475 1051 534 liceum
1069 477 1169 549 serapi.
1189 479 1222 534 ia

201 555 277 645 cod.)
290 563 475 624 nobilissime
490 581 658 623 succensus.
695 563 889 640 quamobrem
903 562 996 621 statui
1010 563 1096 622 uobis
1111 563 1222 623 offerre

201 652 352 714 libellos
374 652 490 711 flauii
513 651 638 730 uegeti
661 651 787 710 renati
810 651 851 711 de
874 669 911 710 re
934 650 1104 727 militari,
1128 671 1220 728 quos

201 740 389 820 corrigere
403 740 531 801 curaui
547 740 624 800 sine
639 734 905 821 exemplario¹)‚
919 741 1085 816 quoniam
1100 759 1220 816 unum,

202 830 296 908 quod
332 847 565 906 reppereram
600 831 756 904 tantum,
797 829 891 888 uicio
919 829 1142 904 scriptorum
1168 830 1222 890 ita

201 923 283 979 erat
315 919 566 995 deprauatum‚
593 920 633 976 ut
659 917 859 978 literatura
883 910 917 997 (1.
941 919 1064 978 dilatum
1087 920 1120 978 ic
1142 912 1221 1000 cod.)

200 1024 426 1084 nequaquam
443 1001 454 1084 ΙΙ
471 1007 520 1081 soi.
541 1009 569 1066 1.
587 1024 617 1066 a.
639 1024 783 1065 manere
807 1009 870 1066 aut
892 1006 1110 1066 intellectus
1133 1007 1219 1067 inde

201 1095 352 1156 utiliter
375 1094 504 1172 colligi
527 1095 657 1171 possit,
683 1097 719 1154 ut
736 1098 805 1171 post
822 1095 979 1171 paschales
998 1095 1220 1156 uenerabilium

201 1184 356 1243 doctorum
390 1184 481 1260 dapes
513 1186 544 1243 et
576 1183 671 1242 diuini
702 1183 817 1244 fluenta
848 1183 958 1260 eloquii
990 1203 1044 1244 seu
1075 1185 1220 1244 mellifica

202 1264 361 1352 (mellefica
384 1267 458 1352 coc.)
489 1275 646 1348 poetarum
677 1272 810 1332 carmine
839 1272 885 1331 his
915 1272 978 1331 frui
1007 1272 1117 1332 libellis
1151 1292 1221 1334 con·
1265 1293 1266 1338 l

200 1360 405 1421 descendendo
428 1361 625 1421 delectatione
653 1360 787 1421 exercitii
815 1380 875 1420 non
900 1361 1011 1438 pigeat.
1053 1364 1219 1422 nonenim
1265 1339 1266 1434 i

200 1450 310 1527 aquila,
333 1469 409 1526 quae
433 1448 541 1509 ceteris
565 1443 686 1529 (ceteris
709 1443 784 1531 cod.)
813 1451 920 1510 auibus
944 1450 1035 1510 altius
1058 1450 1164 1510 uolare
1190 1455 1220 1510 et

199 1591 291 1650 radiis
316 1591 387 1650 solis
411 1591 539 1650 intuitus
562 1591 654 1668 figere
678 1542 763 1672 (fiire
788 1582 863 1673 roci.)
894 1591 1063 1670 consueuit,
1096 1610 1218 1668 semper

198 1679 231 1737 in
253 1681 335 1738 caelo
358 1679 507 1739 haerendo
531 1671 607 1758 (her.
627 1677 701 1758 cod.)
721 1683 823 1738 manet
842 1681 894 1740 sed
912 1681 973 1740 ima
990 1699 1044 1757 pro
1064 1699 1119 1739 sua
1138 1699 1218 1740 ccm-

199 1767 344 1828 moditate
367 1768 452 1843 petit.
488 1767 575 1826 miles
598 1768 690 1827 etiam
713 1769 851 1845 quamuis
879 1768 1123 1829 bellicosissimus
1147 1773 1219 1844 post

199 1855 350 1916 inmensos
375 1856 421 1916 sui
444 1855 555 1915 laboris
578 1857 747 1932 triumphos
771 1861 803 1917 et
824 1857 968 1917 uictoriae
995 1857 1127 1934 palmam
1150 1858 1217 1917 lau-

199 1963 325 2022 reasque
344 1963 467 2005 coronas
487 1945 578 2004 armis
597 1945 740 2021 depositis
754 1948 869 2006 tessera
887 1946 1046 2023 aliquoties
1065 1945 1144 2005 ludit
1164 1949 1218 2005 aut

198 2034 307 2095 ceteris
320 2034 529 2094 infauticlibus
543 2034 625 2094 iocis.
648 2034 748 2112 Igitur
761 2038 830 2111 post
844 2035 937 2094 libros
953 2036 991 2095 ab
1004 2035 1092 2094 inicio
1111 2036 1217 2094 mundi

197 2141 293 2201 usque
316 2124 355 2184 ad
377 2142 471 2200 regna
493 2123 663 2182 francorum
687 2114 805 2204 (fracou
819 2117 895 2205 cod.)
917 2124 949 2183 in
973 2122 1081 2183 Galliis
1104 2142 1123 2183 a
1146 2143 1217 2200 par-

198 2212 294 2272 uitate
313 2232 381 2273 mea
399 2215 557 2290 congestos
572 2204 781 2292 (congestffos
795 2203 871 2296 coci.)
887 2231 923 2271 ex
936 2211 1216 2290 hagiographorum

198 2292 479 2380 (agiografphorum
503 2295 576 2380 cod.)
606 2299 670 2359 siue
693 2300 854 2376 gentilium
877 2301 1024 2378 historiis,
1051 2301 1215 2376 inquibus

197 2389 389 2448 continentur
417 2407 551 2467 quaeque
582 2381 713 2469 (queque
737 2382 811 2470 cod.)
840 2389 980 2449 uidentur
1003 2390 1053 2448 uel
1075 2390 1216 2466 frequen-

196 2479 304 2536 tantur
325 2477 417 2554 digna
439 2478 471 2536 in
494 2477 620 2554 singulis
638 2477 776 2553 pertibus
796 2479 876 2538 orbis
895 2478 944 2537 uel
962 2478 995 2537 in
1013 2477 1216 2538 eminentiori-

198 2563 254 2623 bus
278 2565 379 2643 regnis
402 2565 555 2639 memoria,
578 2583 632 2624 seu
651 2585 709 2642 quo
732 2566 820 2627 modo
844 2567 931 2626 initia
950 2566 1092 2627 sumendo
1111 2567 1214 2629 incho-

197 2655 338 2730 auerunt,
366 2655 412 2713 hic
439 2656 544 2715 des-inii
564 2653 672 2714 Noster
692 2673 782 2716 uersa
809 2660 946 2724 extremo,
974 2659 1078 2716 uacuis
1100 2657 1217 2717 duabus
1266 2721 1267 2734 χ

197 2744 322 2802 eusdem
339 2745 470 2818 popinae
492 2745 576 2803 lincis
601 2744 722 2811 relictis,
756 2747 853 2812 calmi,
881 2747 931 2819 qai
958 2745 1033 2804 isaac
1060 2746 1216 2819 epistulam

195 2831 312 2901 babeat,
334 2837 477 2907 pergunt:
512 2833 562 2890 uel
589 2850 649 2909 qua
675 2831 789 2892 desidia
816 2834 867 2892 uel
889 2831 1004 2893 incuria
1027 2833 1216 2910 singularum
1266 2831 1267 2896 l

197 2937 290 2996 regna
313 2921 449 2999 gentium
472 2912 691 3003 defecerunt²)‚
723 2921 772 2980 cui
799 2921 882 2998 operi
910 2921 935 2981 si
965 2921 1048 2997 regia
1071 2920 1214 2982 maiestas
1266 2921 1267 2986 J

195 3007 344 3083 eluserit,
363 3009 480 3067 utiliter
497 3009 714 3069 subnectendos
724 3011 778 3069 hos
789 3028 893 3070 censeo
903 3010 968 3070 fore
978 3013 1084 3084 tomos,
1102 3011 1214 3086 quibus

194 3095 338 3172 inspectis
353 3114 420 3155 cum
435 3097 640 3172 superioribus
650 3096 744 3172 libris,
759 3099 785 3158 si
804 3098 906 3158 diuina
919 3098 1090 3176 permiserit
1103 3100 1214 3176 gratia,

198 3184 348 3262 principes
372 3204 426 3247 sua
449 3204 628 3263 suorumque
651 3187 837 3247 incommoda
859 3205 1040 3266 praecauere
1054 3189 1213 3263 poterunt.

282 3276 407 3350 Ineptos.
429 3291 543 3336 errores
570 3279 597 3334 et
622 3277 779 3350 manifesta
809 3277 915 3336 menda
945 3294 997 3336 uec
1029 3293 1088 3335 uon
1120 3278 1214 3336 cribo-

198 3400 412 3412 —-—..—.-....

266 3463 293 3530 1)
314 3459 355 3528 Os.
375 3461 467 3544 eodem
484 3461 569 3543 uerba
586 3462 796 3532 subscriptionis
814 3461 1016 3531 Eutropiaaae.

220 3599 225 3612 ¹
266 3533 292 3602 2)
317 3531 406 3616 Verbo
428 3550 458 3586 m
483 3532 584 3600 qulbus
608 3532 786 3588 eontinentur
817 3561 851 3573 ·-
880 3531 1043 3588 defecerunt
1069 3548 1127 3618 nou
1154 3536 1210 3618 acii-

193 3598 236 3655 dat
244 3600 413 3674 Eriboten
423 3604 507 3660 uerba
516 3604 562 3660 uel
578 3619 633 3673 qua
647 3602 705 3658 des.
724 3635 759 3645 -
778 3603 941 3660 deiecerunt
959 3620 1009 3662 am.
1030 3603 1212 3662 crassense.
