2576 4080
206 233 271 296 m
583 231 844 299 mmmm

203 399 259 460 per
281 397 350 440 eum
373 379 562 458 egredientes
591 379 628 440 de
656 379 793 440 muchinn
820 379 978 440 bellatores
1006 382 1039 440 in
1066 382 1225 443 ciuitatem

204 477 362 531 transeunt
380 476 411 528 et
423 476 573 548 occupant
590 486 702 530 muros.
732 467 766 528 ln
785 468 992 547 superioribus
1011 476 1111 530 autem
1125 473 1225 532 turris

203 557 284 618 illins
305 557 443 636 partibus
465 559 577 618 contati
599 565 630 617 et
652 559 799 635 sagittarii
821 557 1018 637 collocantur,
1042 560 1095 637 qui
1116 558 1224 620 desen·

204 664 289 708 sores
308 646 392 707 urbis
410 663 446 706 er
466 645 525 706 alto
544 647 642 706 contis
656 644 851 707 missibilibus
865 647 1003 725 saxisque
1016 655 1224 725 prosternant.

176 736 270 807 ⁵Quo
298 735 376 795 sacto
404 735 512 795 ciuitas
539 735 656 814 capitur
683 735 748 794 sine
775 752 867 794 mora.
909 733 986 804 Quid
1014 737 1094 796 enim
1117 735 1226 796 auxIIii

203 831 356 902 superest,
383 841 452 884 cnm
479 822 526 902 bi,
553 821 666 901 quide
689 839 846 883 murorum
869 821 1024 882 altitudine
1048 822 1225 904 sperabant,

191 921 331 990 -repente
367 929 460 990 supra
491 928 524 970 se
557 911 703 989 aspiciant
733 909 868 971 altiorem
905 910 1037 972 hostium
1072 910 1226 974 murum?

119 1023 288 1064 armassem
311 998 413 1059 XVIII.
437 997 514 1058 lluic
537 1007 596 1059 tam
619 999 778 1059 maniiesto
801 998 966 1060 discrimini
989 999 1091 1061 multis
1113 1017 1226 1062 occur-

96 1066 301 1153 ffisffinffi
312 1090 391 1148 ritnr
413 1085 519 1148 modis.
559 1086 703 1168 Primum,
726 1089 753 1148 si
776 1087 953 1149 confidentia
976 1087 1025 1148 uel
1049 1090 1147 1151 uirtus
1172 1099 1228 1152 est

164 1191 191 1231 1o
204 1175 357 1256 militaris,
385 1177 543 1255 eruptione
572 1175 649 1236 sacta
675 1173 781 1254 globus
804 1176 959 1255 egreditur
982 1186 1165 1238 armatorum
1189 1189 1226 1240 et

203 1267 235 1326 ui
263 1264 401 1326 hostibus
428 1263 525 1344 pulsis
553 1264 825 1326 machinamentum
851 1264 923 1325 illud
952 1266 1059 1343 ingens
1085 1265 1225 1346 dereptis

202 1355 293 1414 coriis
312 1353 349 1414 de
368 1353 457 1432 lignis
476 1355 584 1413 exurit
607 1351 692 1422 Quod
712 1354 739 1412 si
756 1352 897 1433 oppidani
910 1356 992 1414 exire
1006 1371 1066 1414 non
1081 1354 1225 1437 audeant,

202 1442 239 1503 ad
263 1444 391 1503 maiores
413 1440 547 1501 ballistas
569 1439 722 1500 malleolos
744 1441 794 1501 uel
817 1441 952 1502 salaricas
983 1460 1052 1504 cum
1078 1443 1223 1504 incendio

202 1530 368 1610 destinant,
395 1538 430 1591 ut
458 1532 611 1609 perruptis
639 1531 730 1590 coriis
758 1529 808 1590 uel
835 1529 1013 1591 centonibus
1035 1533 1223 1594 intrinsecus

162 1633 188 1674 ιε
201 1619 319 1678 flamma
337 1617 491 1678 condatur.
521 1613 648 1678 hlalleoli
669 1617 754 1678 uelut
776 1620 902 1697 sagittae
924 1627 1003 1699 sunt,
1027 1626 1066 1694 et,
1090 1619 1142 1681 ubi
1166 1621 1222 1682 ad-

201 1706 362 1786 haeserint,
375 1707 445 1785 quia
462 1705 602 1766 ardentes
616 1708 752 1786 uenIunt,
766 1709 907 1768 unlnersa
921 1707 1112 1785 conflagrant
1136 1707 1222 1770 Fala-

201 1797 263 1855 rica
283 1801 382 1854 autem
401 1793 436 1854 ad
457 1794 578 1855 modum
596 1793 699 1854 hastae
719 1793 817 1855 ualido
834 1791 1010 1875 praefigitur
1024 1796 1120 1878 Ierr03
1138 1799 1221 1858 inter

202 1881 307 1943 tubum
331 1885 421 1944 etiam
444 1893 475 1944 et
497 1882 604 1944 hastile
627 1882 771 1961 sulphure
794 1887 894 1944 resina
916 1883 1063 1945 bitumine
1087 1889 1221 1966 stuppis·

201 1989 260 2052 que
283 1971 477 2032 conuoluitur
504 1971 604 2032 insusu
631 1970 711 2052 oleo,
739 1972 818 2050 quod
846 1973 1063 2034 incendiarium
1090 1983 1222 2056 uocant3

160 2075 187 2114 so
201 2077 277 2140 quae
300 2059 436 2120 ballistae
458 2062 573 2138 impetn
596 2059 743 2120 destinata
761 2069 906 2140 perrupto
926 2063 1089 2123 munimine
1108 2062 1222 2124 ardens

219 2195 253 2250 V.
271 2195 302 2250 L.
359 2202 373 2249 1
393 2193 585 2266 egredientes]
605 2191 800 2264 ingredientes
812 2205 836 2251 1
848 2195 893 2265 (cf.
912 2195 960 2263 IV,
981 2199 1023 2263 19)
1096 2197 1220 2254 tmiffi-

199 2266 276 2322 h‘bns
290 2266 339 2336 pP
388 2265 498 2338 tisino]
517 2265 591 2320 Eori
662 2265 726 2322 Cer.
744 2265 844 2321 XVIII.
883 2272 915 2320 11
936 2265 994 2336 ing.
1014 2267 1079 2321 dere
1100 2267 1219 2324 tiled.

200 2339 218 2392 l.
238 2353 263 2392 e.
283 2337 399 2392 Schweb.
418 2337 475 2406 ing.
494 2336 615 2405 direptis
631 2337 711 2405 (corr.
726 2353 761 2391 ex
779 2335 895 2392 directis
911 2337 949 2405 P)
969 2353 1023 2393 cor.
1042 2338 1067 2394 d.
1125 2356 1150 2394 e.
1171 2340 1222 2394 oP

199 2407 347 2477 ignesdir.
367 2424 390 2461 c.
410 2408 445 2461 de
463 2406 629 2476 tigriden
645 2406 746 2476 ingens
757 2406 809 2461 dit.
824 2424 846 2463 c.
861 2411 894 2462 ni
907 2407 984 2476 ignis
992 2409 1156 2464 esuriturA
1175 2411 1219 2464 in-

199 2477 271 2547 gens
280 2478 331 2532 dir.
348 2495 371 2532 c.
385 2477 432 2531 nel
450 2473 526 2545 ignis
540 2476 632 2533 exurit
646 2477 711 2532 GM
722 2477 790 2532 Par.
805 2481 879 2534 6503
896 2477 954 2548 ing.
973 2478 1025 2534 dir.
1044 2479 1130 2534 coriis
1143 2481 1224 2551 ignis

200 2547 293 2602 exurit
318 2546 404 2616 (ignis
418 2547 509 2601 exurit
526 2549 559 2601 in
577 2548 594 2601 I.
613 2565 650 2604 er.
671 2549 738 2618 (Di
760 2549 818 2618 ing.
842 2547 893 2606 dir.
918 2549 1003 2604 coriis
1020 2549 1067 2604 uel
1091 2553 1219 2606 centoni-

199 2617 254 2673 bus
263 2616 348 2687 ignis
367 2617 572 2687 e.Rep.1286
682 2625 714 2673 12
738 2619 873 2690 oppidani
895 2639 937 2691 μπ
961 2619 1097 2690 oppidum
1115 2621 1144 2678 A
1167 2639 1219 2692 op-

198 2723 266 2794 paao
286 2724 312 2779 c
404 2729 436 2778 13
455 2724 492 2778 aa
510 2724 632 2780 mnorer
646 2725 743 2779 acor>
758 2697 880 2781 initiarer
896 2727 919 2797 o
937 2727 972 2782 aa
990 2728 1097 2784 maiore
1115 2731 1148 2782 n

199 2794 328 2851 samur
343 2794 446 2865 punt.
464 2795 505 2864 n)
525 2796 572 2850 ar
593 2795 708 2851 terrina
726 2797 758 2850 n
773 2795 935 2852 ominata
1026 2803 1060 2853 15
1079 2798 1218 2872 tagittoe]

198 2866 320 2940 sagitotp
338 2867 379 2938 2A
397 2865 528 2991 (hpibtee
547 2868 614 2924 Por.
634 2869 720 2948 (5503)
799 2873 832 2922 16
851 2867 931 2940 qnia]
950 2885 1005 2938 qna
1025 2869 1049 2940 Q
1067 2868 1089 2923 Ii
1108 2873 1139 2923 Π

201 2943 234 2992 18
252 2937 353 2995 uanus
372 2938 408 2992 A‘
457 2938 517 2992 rr
583 2944 616 2992 ιε
634 2937 725 2994 usuro
744 2939 791 2993 or>

217 3059 244 3115 S.
264 3061 296 3114 L.
382 3061 697 3117 mathemucorum
714 3061 867 3117 bellatores
882 3062 912 3118 A
1000 3069 1070 3118 dex
1087 3064 1162 3136 ulto]
1182 3083 1218 3122 ex

199 3131 289 3186 altato
308 3130 338 3186 A
408 3132 542 3214 tangilii
561 3131 684 3202 superest
717 3132 830 3188 auxiliis
844 3131 968 3204 superest
987 3154 1006 3188 α
1073 3135 1115 3189 hii
1133 3139 1162 3190 A

198 3201 247 3272 qni
264 3201 300 3256 de
317 3201 419 3272 muris]
439 3202 553 3271 qmdem
570 3202 659 3258 muris
796 3211 811 3260 't
830 3204 973 3277 altiorem]
993 3203 1094 3261 altiore
1114 3209 1147 3260 Π

199 3273 262 3328 Gne.
281 3272 379 3328 xvut
418 3278 434 3328 8
454 3274 625 3346 deserimini]
645 3273 835 3330 discriminas
896 3282 930 3332 10
949 3277 1125 3346 erumptione
1144 3279 1175 3332 A

200 3349 234 3398 14
253 3344 426 3414 distinentp
498 3351 531 3400 15
550 3345 689 3418 malleoli]
707 3345 850 3402 malleolis
864 3349 895 3400 H
974 3353 1007 3402 16
1026 3347 1215 3421 conflagrant]

199 3449 270 3503 cofla
305 3452 354 3505 ent
372 3449 399 3504 α’
424 3427 626 3520 eisingrantsr'
709 3459 742 3508 17
761 3451 943 3524 admodum]
964 3455 1094 3510 amodum
1115 3455 1143 3509 α’

200 3523 233 3572 18
251 3518 280 3573 su
339 3522 402 3574 eil
486 3521 623 3576 nitumine
643 3525 674 3576 H
762 3528 795 3578 19
813 3523 1018 3580 incendiarium
1036 3527 1155 3598 uocant]
1174 3527 1216 3582 in-

199 3589 298 3645 cendia
317 3593 474 3646 connotant
492 3593 523 3644 Π
539 3597 574 3648 20
593 3593 723 3650 ballistae
741 3597 772 3648 Π
783 3593 883 3651 baliste
899 3597 955 3668 (ne
969 3598 1029 3668 t)p
1063 3596 1214 3674 perrupto]
