2604 4082
153 989 294 1050 instituta
318 991 463 1050 maiorum
486 991 580 1068 partis
604 997 732 1050 armatae
760 989 932 1069 plenissime
957 991 1084 1052 clemen·

72 1079 134 1136 tiam
158 1085 293 1139 uestram
321 1079 560 1156 peritissimeque
589 1080 719 1138 retinere
744 1081 893 1139 continuis
916 1079 1085 1141 declaratur

74 1167 201 1227 uictoriis
223 1185 257 1227 ac
276 1166 445 1247 triumphis,
469 1166 616 1245 siquidem
635 1166 799 1227 indubitata
819 1167 991 1246 adprobatio
1011 1171 1084 1230 artis

74 1256 106 1313 sit
123 1273 226 1316 rerum
247 1272 366 1334 semper
385 1255 517 1316 effectus.
555 1253 664 1314 Verum
689 1255 886 1334 tranquillitas
909 1266 968 1337 tua,
991 1261 1083 1338 impe·

74 1349 145 1402 rator
167 1345 299 1425 inuicte,
322 1343 419 1404 aitiori
442 1343 581 1425 consitio,
604 1361 692 1422 quam
716 1361 801 1404 mens
824 1352 941 1422 poterat
964 1354 1111 1406 terrenas

74 1435 235 1513 concipere,
259 1451 296 1492 ex
319 1431 403 1492 libris
426 1435 547 1511 antiqua
571 1432 729 1512 desiderat,
752 1451 821 1493 cum
843 1434 939 1511 ipsam
958 1436 1084 1512 antiqui·

74 1528 154 1580 tatem
174 1523 264 1582 sactis
283 1519 456 1581 recentibus
475 1520 638 1581 antecedat.
675 1519 769 1601 Igitur
789 1539 857 1582 cum
881 1520 954 1582 haec
977 1520 1085 1582 litteris

75 1605 200 1670 breuiter
222 1609 466 1689 conprehendere
485 1611 632 1670 maiestati
647 1617 766 1670 uestrae
786 1618 925 1670 nontam
944 1610 1085 1671 discenda

75 1713 152 1773 quam
177 1697 420 1777 recognoscenda
443 1701 649 1780 praeciperer,
673 1700 800 1759 certauit
823 1701 941 1777 saepius
965 1699 1085 1760 deuotio

74 1803 135 1844 cum
152 1787 280 1867 pudore.
318 1786 394 1857 Quid
415 1790 495 1847 enim
518 1786 669 1869 audacius,
692 1806 780 1866 quam
804 1787 924 1848 domino
948 1807 981 1849 ac
1005 1790 1126 1868 prin-10

74 1875 126 1951 cipi
142 1877 265 1954 generis
283 1874 415 1954 humani,
434 1874 573 1936 domitori
588 1878 720 1936 omnium
735 1879 867 1956 gentium
882 1875 1085 1956 barbararum,

74 1961 173 2042 aliquid
194 1964 234 2025 de
261 1982 316 2024 usu
336 1982 370 2024 ac
389 1963 544 2043 disciplina
567 1966 720 2024 insinuare
743 1964 903 2046 beliorum,
927 1968 984 2026 nisi
1008 1966 1085 2025 sorte

74 2052 204 2114 iussisset
220 2053 295 2130 fieri,
315 2052 393 2131 qnod
413 2054 478 2131 ipse
498 2049 661 2131 gessisset?
680 2062 710 2113 et
729 2071 850 2114 rursum
869 2056 943 2113 tanti
958 2057 1084 2132 impera-

74 2143 139 2200 toris
167 2159 230 2202 non
260 2140 400 2201 oboedire
427 2141 573 2201 mandatis
601 2140 723 2220 plenum
751 2140 898 2218 sacrilegii
929 2140 1085 2201 uidebatur

76 2237 155 2306 atque
174 2229 314 2310 periculi.
350 2229 426 2289 hiiro
444 2231 544 2308 itaque
564 2247 647 2290 more
667 2231 698 2289 in
717 2227 849 2308 parendo
872 2228 966 2288 audax
990 2230 1086 2289 iactus
1100 2251 1126 2291 rs

75 2332 141 2398 sum,
165 2319 239 2379 dum
263 2327 364 2378 metuo
388 2317 486 2378 uideri
509 2318 658 2398 audacior,
682 2319 707 2377 si
730 2334 893 2395 negassem.
929 2318 972 2376 Ad
997 2336 1085 2397 quam

75 2410 266 2468 temeritatem
292 2405 477 2488 praecedens
510 2425 556 2466 me
589 2405 772 2485 indulgentia
799 2412 918 2466 uestrae
947 2409 1084 2486 perenni·

90 2593 118 2648 V.
136 2597 167 2650 L.
208 2595 391 2667 1[maiorum
404 2593 507 2665 partis]
525 2595 553 2648 P
594 2593 685 2663 partis
695 2596 832 2663 armatae]
847 2593 918 2648 artis
928 2599 1086 2652 armaturae

76 2667 150 2735 culpo
188 2666 321 2722 baltiore
339 2666 367 2719 P
400 2664 494 2734 potest
507 2668 537 2718 Π
571 2667 592 2719 t.
606 2682 632 2734 p.
649 2667 733 2734 scalpo
771 2665 907 2737 [terrena]
923 2668 951 2721 P
984 2667 1086 2722 (tanti-

76 2741 219 2802 quommt
262 2735 548 2808 9[re]oognoseenda
563 2739 593 2789 Π
640 2742 673 2790 11
693 2735 825 2791 domitori
839 2739 869 2789 Π
881 2737 1031 2792 domitorio
1049 2736 1085 2791 A’

77 2807 238 2864 dominatori
252 2809 320 2876 por
368 2807 578 2862 barbarorume
632 2813 664 2861 ta
684 2807 823 2862 nisisorte
836 2807 906 2876 (sore
920 2806 967 2876 A')
981 2807 1000 2860 i.
1019 2808 1038 2863 s.
1058 2826 1085 2876 q.

77 2875 91 2930 i.
103 2898 127 2947 g.
142 2881 191 2934 oD
211 2878 265 2932 nisi
278 2879 351 2934 sorte
366 2878 441 2946 quod
454 2877 513 2946 ipse
527 2877 645 2932 iussisset
658 2878 719 2932 fieri
732 2878 808 2946 quod
821 2876 879 2947 ipse
893 2877 1016 2947 geiiifl'et
1030 2879 1091 2932 HV

78 2951 143 3015 quod
159 2969 218 3006 non
237 2950 276 3018 (in
296 2950 330 3020 Q)
353 2947 470 3003 iussisset
487 2949 549 3003 fieri
571 2949 623 3003 nisi
641 2951 713 3004 sorte
735 2949 811 3018 quod
829 2947 888 3018 ipse
907 2948 1029 3017 gessisset
1047 2951 1091 3005 tP

124 3028 155 3076 13
175 3025 204 3076 et
222 3020 299 3074 rursu
318 3022 346 3075 A
365 3023 395 3075 et
413 3019 506 3073 rursus
523 3019 600 3090 apl)
618 3019 711 3074 rursus
726 3019 812 3072 HVP
880 3025 914 3073 14
931 3021 1086 3144 mandatiss]

79 3092 209 3161 preceptis
224 3092 286 3146 HV
339 3095 372 3145 to
391 3107 468 3144 more
488 3094 534 3144 εΠ
550 3092 635 3146 modo
654 3092 702 3144 aP
718 3091 820 3145 timore
841 3091 957 3146 Modius
1018 3097 1050 3146 16
1078 3111 1089 3145 1

79 3163 209 3231 negassem
224 3161 272 3216 (κη’
288 3162 311 3216 fi
325 3161 505 3232 neglexissem
519 3161 600 3231 (neos.
617 3161 656 3232 L)
671 3162 716 3215 tP
764 3165 796 3216 i't
810 3161 1087 3232 induigentiaueitre

79 3233 275 3297 perhennitatis
290 3237 320 3287 Π
333 3233 448 3288 Fdrster
471 3233 665 3301 indulgentiae
691 3231 800 3287 uestrae
821 3232 986 3301 perennitas
1000 3234 1062 3287 edP

97 3390 118 3446 S.
135 3393 165 3447 L.
239 3393 394 3448 atriumfis
409 3393 444 3447 A'
518 3393 695 3462 Scompreh.
715 3396 745 3446 Π
816 3391 969 3447 tdauoeio
989 3391 1016 3445 A

84 3465 110 3513 10
126 3463 257 3520 audatius
272 3464 311 3518 M
325 3463 455 3520 audatior
474 3463 512 3517 M
581 3465 625 3535 ac]
646 3465 700 3518 hac
718 3467 748 3517 Π
820 3469 854 3516 14
873 3462 986 3519 obedire
1005 3465 1037 3516 H

82 3535 205 3660 tittmppo]
228 3536 315 3590 miror
334 3539 362 3588 Π
423 3535 453 3589 in
471 3535 609 3606 parendo]
629 3534 669 3588 im
687 3533 811 3605 parendo
831 3537 861 3587 H
924 3539 956 3587 17
976 3534 1088 3588 temeri·

93 3618 132 3656 ae

126 3703 258 3746 Vnonrros.
343 3752 350 3770 0
913 3697 928 3742 3
