2604 4082
499 209 558 264 nio.
578 209 627 277 ιιι,
648 217 672 270 ι.
1045 213 1087 278 65

81 361 241 420 moniorum
255 359 412 439 disciplina
425 358 581 438 profuerit,
599 365 634 420 ut
652 361 787 420 omittam
801 367 911 441 cetera,
926 359 1088 439 Xanthippi

78 447 239 510 declaratur
253 447 397 527 exemplo,
408 447 461 526 qui
473 445 596 507 Atilium
606 446 754 525 Regulum
764 447 989 527 Romanumque
1004 467 1086 510 eser·

79 538 164 597 citum
188 555 275 616 saepe
299 539 458 615 uictorem,
482 553 551 596 cum
573 533 870 615 Karthaginiensibus
889 554 950 597 non
973 539 1086 602 uirtute

80 625 126 684 sed
145 633 208 685 arte
228 625 309 686 solus
328 626 422 686 lerret
440 623 596 702 auxilium,
616 626 775 703 prostratis
800 623 981 686 exercitibus
1006 628 1085 702 cepit

78 731 108 772 ao
126 712 239 774 domuit
257 731 376 792 unoque
396 729 560 791 congressu
580 711 771 792 triumphans
779 711 889 774 bellum
909 730 995 772 omne
1015 729 1112 773 con-s

79 801 149 862 lecit.
171 801 235 862 Nec
254 803 353 862 minus
367 800 513 862 Hannibal
527 801 676 879 petiturus
690 799 804 862 ltaliam
818 799 1085 862 Lacedaemonium

79 888 222 950 doctorem
248 891 397 969 quaesiuit
419 907 582 970 armorum,
613 891 699 950 cuius
727 891 848 950 monitis
876 897 920 950 tot
948 888 1085 950 consules

79 985 227 1057 tantasque
254 977 386 1056 legiones
415 979 540 1042 inferior
567 995 692 1038 numero
720 997 754 1039 ac
783 979 899 1038 uiribus
925 979 1084 1039 interemit.

79 1063 163 1144 igitur
186 1068 240 1146 qui
267 1066 418 1128 desiderat
439 1083 556 1147 pacem,
583 1074 741 1145 praeparet
768 1066 893 1147 bellum;
916 1068 968 1145 qui
991 1067 1084 1128 uioto-

78 1156 144 1214 riam
166 1157 264 1235 cupit,
287 1155 396 1216 milites
423 1153 527 1218 inbuat
552 1154 722 1233 diligentem
751 1157 802 1233 qui
830 1153 979 1216 secundos
1002 1163 1084 1235 optat
1099 1169 1125 1208 ιι

77 1252 210 1324 euentus,
236 1243 356 1305 dimicet
379 1251 455 1324 arte,
478 1261 539 1304 non
562 1260 642 1303 casu.
683 1241 776 1304 Nemo
800 1261 974 1324 prouocare,
997 1262 1084 1305 nemo

79 1330 160 1392 audet
174 1331 327 1393 offendere
342 1351 430 1412 quem
449 1330 596 1410 intellegit
614 1331 799 1410 superiorem
819 1348 899 1412 esse,
919 1333 945 1392 si
963 1339 1096 1411 pugnet..

156 1561 178 1622 l
202 1561 324 1622 Primus
337 1561 414 1623 liber
431 1562 564 1622 tironum
583 1560 724 1621 dilectum
744 1561 978 1638 exercitiumque
999 1598 1077 1639 on„
1057 1598 1127 1632 Μ,
1104 1608 1193 1633 „mo

78 1649 265 1730 eprompsrt
275 1669 403 1730 sequens
412 1649 555 1730 legionis
547 1651 763 1710 institutionem
779 1647 977 1728 disciplinam·
999 1643 1100 1677 ⁶⁸⁸b⁶⁸²
1101 1645 1193 1678 ¹⁶⁰¹²¹¹⁸

78 1755 128 1815 quc
142 1740 265 1799 edocuit
280 1737 445 1820 militarem,
454 1738 503 1798 hic
518 1739 626 1798 tertius
641 1737 797 1798 classicum
808 1747 902 1798 sonat
925 1736 994 1798 ldeo
1005 1740 1085 1797 enim
1100 1757 1125 1797 ιι

77 1825 118 1885 illa
136 1829 301 1907 praemissa
320 1835 401 1908 sunt,
421 1836 455 1887 ut
473 1826 586 1906 haee,
578 1844 608 1887 m
629 1825 738 1905 quibus
761 1828 866 1904 peritia
890 1829 1085 1886 certaminum

78 1922 103 1972 et
120 1917 265 1976 uictoriae
289 1933 403 1976 summa
427 1915 577 1997 consistit,
605 1913 777 1993 disciplinae
803 1913 907 1974 ordine
936 1913 1085 1975 custodito

78 2010 103 2062 et
124 2003 371 2082 intellegerentur
394 2003 522 2064 celerius
546 2010 576 2062 et
599 2003 724 2082 amplius
747 2002 931 2063 adiuuarent.

158 2092 318 2152 Exercitus
342 2092 450 2153 dicitur
478 2100 538 2152 tam
568 2091 717 2170 legionum
741 2108 828 2170 quam
853 2093 942 2151 etiam
965 2089 1084 2150 auxilio-

77 2197 137 2239 rum
159 2199 219 2241 nec
242 2199 301 2241 non
326 2183 413 2242 etiam
440 2181 575 2259 equitum
603 2179 638 2240 ad
662 2179 826 2259 gerendum
852 2177 963 2238 bellum
986 2176 1083 2237 multi·
1099 2203 1126 2242 ιο

92 2349 123 2404 V
141 2350 170 2408 L.
231 2357 245 2403 1
266 2354 359 2407 cetera
377 2354 413 2405 art
432 2350 540 2406 ceteras
556 2369 575 2404 α
594 2348 704 2405 ceteros
719 2349 786 2402 Par
807 2348 920 2404 723οΑ
938 2348 1023 2416 culpo

77 2421 224 2492 xanthippi
251 2439 320 2477 corr.
343 2439 377 2477 ec
402 2421 547 2491 xenetippi
571 2423 602 2474 Π
625 2417 790 2518 xancthippi
812 2438 831 2471 α
859 2417 1037 2488 xnnesthippi
1059 2417 1087 2470 L

78 2544 207 2614 mnolbipi
227 2545 254 2600 θ
272 2544 392 2616 lantipp
383 2563 395 2599 1
416 2545 443 2600 V
456 2545 554 2614 xenbip
535 2545 585 2615 ppi
603 2544 664 2598 DP
734 2541 894 2614 betilium]
914 2540 1038 2598 atunum
1056 2542 1087 2596 D

78 2616 189 2670 atalinm
215 2617 242 2670 V
291 2615 370 2697 [Reg.
344 2618 435 2742 3.leJ
504 2613 804 2697 dlxattbpgineniibnl'
818 2613 857 2668 M
870 2612 1086 2683 kartaginiensi-

77 2685 125 2738 bns
134 2689 165 2740 H
176 2703 212 2742 oa
278 2684 375 2742 inicnfi
395 2687 429 2742 ns
438 2688 514 2742 AcP
525 2689 652 2756 mrtegm
654 2685 764 2741 entibus
769 2690 784 2741 l.
799 2683 1035 2756 maginienlmul
1047 2683 1082 2754 G

142 2757 246 2814 erotis
357 2758 507 2814 dannihel
524 2778 544 2812 α
617 2765 632 2812 9
652 2757 835 2827 praepararet
852 2757 892 2810 L
897 2722 1086 2834 praeparate¹

143 2834 177 2884 12
198 2827 253 2884 elle
276 2828 298 2882 li
339 2829 473 2900 ngneb](
474 2831 506 2884 ira
463 2829 551 2898 (L
573 2830 664 2898 spatio
685 2829 778 2884 relicto
801 2829 873 2882 inter
896 2825 951 2880 elle
976 2823 1084 2894 eilde

77 2895 198 2954 loturum
218 2899 287 2956 erret
304 2847 451 2971 iipugnet
464 2903 495 2954 H
511 2899 566 2956 elle
579 2900 767 2969 pugnaturum
786 2897 813 2954 V
828 2896 882 2952 eila
901 2895 928 2951 le
946 2901 1086 2966 puguatu-

78 2985 133 3022 rum
151 2971 183 3026 D
200 2970 245 3026 rut
232 2971 327 3026 tntum
346 2970 400 3026 ell'e
418 2973 609 3042 pugnaturum
628 2970 656 3023 P

143 3049 208 3105 Car.
227 3049 248 3104 Ι
305 3058 337 3106 13
357 3051 498 3106 delectum
517 3051 563 3105 oP
611 3055 645 3104 14
655 3050 709 3118 de
710 3046 807 3104 romlit
824 3045 940 3102 HGLD
958 3046 1013 3116 dep
1013 3062 1085 3100 rom·

79 3118 130 3186 psit
146 3123 190 3175 ita
207 3127 239 3176 ut
260 3121 295 3191 ps
314 3123 381 3176 inl.
400 3138 437 3178 er.
456 3123 492 3176 ait
512 3121 540 3174 P
577 3126 609 3174 15
629 3067 709 3190 [quep
717 3116 831 3174 edocuit
849 3064 1088 3187 militarem]d

79 3195 110 3242 20
127 3209 179 3246 nec
196 3207 253 3246 non
272 3191 358 3248 ctiam
377 3212 390 3247 ε
409 3208 461 3270 neo
480 3209 536 3248 non
554 3193 584 3246 eb
601 3193 633 3245 H
647 3205 772 3245 necnon
791 3188 984 3245 «bucceliam
1004 3188 1032 3240 P

95 3347 120 3403 S
138 3351 171 3405 L.
242 3350 363 3423 tespit]
383 3353 477 3434 coepit
495 3372 513 3405 α
587 3350 677 3422 lici]
695 3350 756 3404 bobo
776 3350 818 3420 Μ1
894 3353 910 3402 8
930 3343 1086 3426 interemit]

79 3419 274 3564 {witz}
336 3430 369 3478 10
386 3423 497 3478 imbuat
515 3425 546 3475 H
614 3419 760 3492 secundos]
784 3389 831 3476 ·nl
845 3422 872 3474 A
955 3422 987 3471 12
1006 3414 1088 3470 intel-

147 3571 208 3628 Caa.
227 3574 247 3628 I.
307 3572 468 3645 trordine]
490 3570 661 3626 ordinem'
634 3592 652 3626 α

130 3669 261 3713 onarrnn.
912 3664 928 3710 b
