2552 4082
211 232 316 288 XXIIII
646 231 795 288 Praefatio.

212 403 231 443 a
253 401 345 443 monn
366 385 521 444 recentiore
544 374 615 463 (Α,)
641 374 767 463 (partim
790 386 950 442 atramento
967 384 1082 456 partim
1103 383 1167 442 stilo
1186 399 1221 440 cc

210 464 359 554 rnssato),·
381 475 414 532 in
436 473 518 547 foliis
535 473 687 547 prioritas
710 489 838 531 omonn
855 473 928 531 satis
946 474 1069 545 antiqno
1086 473 1221 544 eamdam

211 566 338 622 correcta
374 563 436 622 atio
477 563 517 621 od
552 563 714 635 marainem
754 565 885 634 mcerpta
911 565 980 620 sont
1009 551 1061 642 (nt
1084 561 1123 619 aot
1139 579 1172 633 n.
1196 561 1220 625 6,

214 652 343 710 20-22
364 669 392 710 6.
412 651 454 710 ed.
501 644 565 710 ‘iste
586 652 718 709 notiones
741 649 823 723 torno
854 651 996 723 sanonine
1027 638 1221 727 reanndantf)

211 739 403 799 Innotncrnm
427 738 528 798 Caroli
549 738 610 797 IX.
633 739 761 797 habetnr.
806 737 876 797 Post
902 738 1053 797 Haasinm
1074 737 1127 796 Dn
1149 738 1221 796 Rien

212 829 286 888 alios
312 831 375 902 iiose
402 818 444 907 (a.
470 817 572 907 1866)
599 827 675 886 tnnc
702 827 825 886 codicem
853 827 967 886 contnti.
1012 827 1126 886 Iternm
1154 843 1221 885 com

206 918 310 990 plmes
333 917 408 976 locos
434 918 467 975 in
492 933 588 975 meam
611 918 741 989 qratiam
766 918 891 989 inspexit
916 915 973 974 Dr.
996 912 1148 990 Anonstns
1171 915 1222 972 Bc-

210 1005 312 1078 naohel
339 1005 445 1078 colloca
473 995 515 1084 (o.
542 995 651 1083 1868).
697 1004 835 1078 Eaceptis
866 1005 1018 1064 nocabntis
1047 1021 1104 1078 per
1133 1023 1149 1062 6
1181 1003 1222 1062 net

213 1111 229 1169 6
252 1109 311 1152 non
334 1111 368 1152 66
393 1097 418 1152 et
439 1095 502 1152 nice
524 1110 613 1152 mersa
635 1094 751 1166 scriptis
775 1084 822 1173 (nt
839 1110 949 1170 aequos
965 1118 1006 1140 =
1022 1111 1124 1169 equos,
1148 1109 1220 1168 quae

212 1206 253 1228 =
270 1172 343 1262 quc)
371 1185 460 1240 totam
481 1181 557 1240 hmec
580 1183 703 1241 codicem
724 1183 757 1240 in
780 1185 957 1255 apparatam
978 1183 1145 1255 recepimns.

300 1271 328 1328 2.
353 1271 393 1328 M
397 1262 422 1351 ¹)
438 1293 481 1317 =
495 1271 683 1330 Monacensis
706 1270 792 1329 6368
818 1261 901 1351 (otim
923 1270 1123 1345 Frisinoensis
1147 1260 1222 1350 168)

207 1360 241 1417 in
258 1362 370 1431 qnarto,
384 1361 628 1425 membranaceas,
647 1375 720 1420 saec.
737 1358 775 1417 X.
788 1361 885 1433 tnn'p„
903 1361 963 1418 nisi
980 1360 1079 1432 (attor,
1098 1361 1223 1418 ornmnm

209 1450 436 1520 antiquissimas.
460 1449 577 1522 Inteaer
599 1452 641 1507 est
661 1448 798 1520 habetque
819 1449 894 1521 sotio
912 1448 964 1514 43,
988 1449 1064 1508 bmis
1086 1449 1223 1507 cotnmnis

208 1539 349 1609 scriptam
378 1537 428 1610 sot.
453 1538 471 1594 2
496 1555 524 1594 6.
549 1541 575 1594 et
597 1536 638 1594 42
663 1555 690 1594 n.
720 1539 874 1596 atramenti
901 1538 976 1595 bona
998 1554 1075 1610 pars
1098 1539 1221 1596 enannit.

208 1624 315 1719 ¹7⁰³st
337 1643 378 1697 sq.
402 1625 505 1698 leaitnr
528 1615 580 1705 (ab
603 1626 724 1698 antiqno
746 1616 852 1706 mann)
876 1618 928 1685 ‘at
951 1627 1005 1684 iste
1027 1629 1042 1686 i
1064 1627 1110 1684 sm
1131 1627 1223 1684 marie

208 1733 235 1788 ct
256 1733 298 1789 sci
321 1731 483 1790 corbinmni
505 1723 610 1804 frisio’.
651 1728 756 1790 Altera
777 1749 884 1792 manns
903 1723 959 1813 (M
961 1722 988 1811 2)
1007 1732 1159 1791 rarissime
1180 1749 1222 1791 oc-

209 1821 308 1878 currit.
353 1819 545 1878 Innolncrnm
568 1820 693 1893 tionenm
716 1824 757 1880 est
779 1837 798 1878 o
821 1822 905 1880 tineis
921 1821 1121 1894 perforatum,
1150 1820 1222 1893 qaod
1266 1837 1267 1840 ¹

209 1911 235 1966 et
247 1909 345 1981 ipsnm
357 1909 567 1982 nerantionnm
582 1924 650 1975 csse,
665 1926 724 1982 qno
737 1911 817 1968 intas
829 1911 960 1976 nestitnr,
980 1910 1151 1968 mnnbronc
1164 1909 1220 1967 IX

208 2013 281 2056 saec.
311 1997 502 2056 ecclesiastico
530 1997 672 2070 quaedam
700 1999 845 2057 continens
872 2002 1001 2059 testator.
1046 1997 1136 2057 Hanc
1157 2002 1223 2072 post

208 2085 358 2146 Haaso'nm
392 2076 509 2166 (1845)
541 2085 696 2145 Hotminm
723 2086 988 2160 Zanqemeisternm
1020 2077 1138 2168 (1865)
1172 2087 1222 2146 Dn
1267 2087 1268 2090 ’

207 2174 285 2242 Bion
304 2165 421 2254 (1866)
443 2164 526 2254 (itan
545 2172 573 2233 G
592 2179 618 2232 et
636 2174 661 2248 Q
679 2165 773 2256 cadat.)
818 2179 830 2233 t
846 2175 917 2234 mini
934 2175 1144 2249 Heidelberoae
1161 2192 1222 2234 con·

206 2265 283 2336 (erre
310 2264 413 2328 liceret,
435 2262 560 2324 Bactrii
592 2262 626 2323 V.
645 2260 703 2329 ot,
726 2281 808 2337 onem
834 2265 895 2324 iam
918 2281 1010 2338 nnnc
1033 2280 1099 2322 cnm
1120 2264 1223 2324 tcmre

207 2353 438 2419 commemorari,
458 2354 560 2412 eximio
575 2353 671 2426 officio
690 2355 774 2425 atone
786 2354 843 2410 mei
856 2353 951 2411 stadio
965 2353 1088 2427 contiqit.
1111 2352 1222 2412 Itemm

208 2441 368 2513 complores
386 2441 461 2500 meos
479 2443 512 2500 in
529 2457 624 2501 meam
639 2442 769 2514 qratiam
786 2443 911 2514 timeon
928 2441 1136 2500 hnmanissime
1149 2442 1221 2500 Hat-

183 2530 284 2586 'mins
312 2527 346 2587 V.
372 2525 415 2586 Ol.
440 2519 568 2609 (1868).
613 2529 751 2602 Exceptis
772 2531 922 2589 mactatis
944 2537 1001 2603 per
1028 2548 1044 2588 6
1066 2531 1114 2590 net
1133 2547 1149 2607 6
1168 2547 1223 2588 non

207 2633 243 2674 66
267 2619 293 2674 et
310 2618 373 2675 nice
390 2633 479 2676 mersa
496 2620 612 2692 serentis
630 2613 676 2692 (nt
694 2634 805 2693 aequos
822 2643 862 2668 =
878 2635 978 2695 equos,
1001 2637 1078 2694 quae
1093 2642 1135 2665 =
1150 2611 1221 2696 que)

209 2721 321 2764 onmem
345 2721 409 2764 mm
432 2707 464 2764 in
487 2711 665 2780 apparatum
686 2709 853 2781 recepinms.

297 2794 326 2852 3.
351 2785 413 2873 θ’)
429 2819 470 2842 =
487 2793 645 2856 6661666666
668 2796 724 2862 84,
751 2796 876 2869 infolio
897 2797 992 2869 poan
1019 2795 1134 2863 latiore,
1162 2813 1223 2854 meo

206 2883 313 2942 indicio
336 2899 409 2942 saec.
435 2882 473 2944 X.
493 2901 535 2944 en.
557 2885 605 2942 net
629 2883 687 2946 XI.
701 2883 916 2944 schoenemann
939 2876 1103 2965 (Homolen
1124 2885 1222 2944 Mem

206 2971 411 3044 nrirdiytceiten
438 2972 490 3030 aer
524 2971 744 3046 Wolfmbiittter
770 2966 955 3041 Bibliotnet',
987 2973 1043 3033 Nr.
1069 2964 1134 3055 18.)
1159 2991 1224 3033 enm

205 3058 267 3120 IX.
289 3075 363 3122 saec.
386 3061 532 3119 animm
567 3062 629 3134 inse
652 3059 768 3122 Gnidiae
797 3053 926 3122 ‘anneo'
956 3065 999 3122 ait
1024 3064 1056 3121 in
1078 3063 1224 3122 innotncri

201 3151 290 3222 parte
316 3148 453 3206 interiore
479 3141 614 3208 ‘codicem
644 3150 721 3209 Inone
753 3167 898 3211 armornm
926 3153 1167 3225 septinomtormn
1200 3155 1224 3210 et

205 3237 306 3311 manni
313 3237 406 3310 pretii
419 3252 479 3296 esse
498 3229 504 3316 Ι
523 3238 624 3311 Maro.
639 3236 755 3299 maros
769 3257 847 3298 anno
861 3238 930 3300 010
945 3236 1021 3304 Iac
1031 3239 1161 3297 LXXX
1165 3232 1222 3300 VI'

207 3315 335 3406 (1686).
373 3322 568 3386 Correotiones
590 3317 663 3409 (a.)
686 3328 732 3388 hic
754 3329 840 3388 eaden
861 3328 946 3387 habet
961 3330 1076 3401 partim
1094 3330 1223 3403 abipso,

171 3491 177 3502 =
205 3416 239 3472 nt
259 3414 385 3481 nitetur,
408 3417 458 3487 qni
481 3431 544 3474 nnn
568 3419 714 3483 comanit,
743 3417 864 3478 librario
887 3447 929 3457 -
954 3421 1077 3477 ceteram
1103 3435 1164 3477 non
1187 3420 1223 3477 ab

282 3604 307 3671 1)
326 3601 360 3671 ef.
375 3616 405 3671 p.
428 3601 551 3657 XVIII.
625 3603 652 3674 e)
671 3603 706 3671 6.
723 3619 750 3674 p.
772 3602 918 3661 XVIIII.
