2576 4080
494 253 556 310 nib.
575 253 624 323 111,
643 259 686 310 eo.
1029 253 1091 318 121

165 401 199 462 ln
219 402 296 464 bello
316 405 368 482 qui
385 403 454 484 plus
473 405 503 464 in
523 405 648 483 agrariis
666 403 845 484 uigilauerlt,
868 402 936 484 plus
959 406 989 465 in
1009 423 1092 466 exer·

70 491 171 553 cendo
195 491 289 552 milite
312 491 503 574 laborauerit‚
525 495 624 554 minus
647 493 815 571 periculum
839 492 1006 554 sustinebit.

164 579 332 660 Numquam
351 580 437 642 miles
456 583 487 641 in
506 583 569 642 acie
589 581 800 663 producendus
819 592 875 663 est,
899 583 985 644 cuius
1006 591 1092 644 antea

71 671 279 749 experimenta
302 687 363 730 non
387 671 512 748 ceperis.
645 737 660 756 f

165 758 224 818 Ant
247 760 347 837 inopia
370 767 422 820 out
445 757 680 838 superuentibus
703 767 755 820 eut
779 767 896 820 terrore
920 758 1027 820 melius
1046 769 1121 820 esto

72 847 192 908 hostem
217 847 337 907 domare
363 864 452 926 qnam
479 847 607 928 proelio,
635 850 666 907 in
695 865 755 927 quo
783 847 910 928 amplius
934 847 1009 909 solet
1033 849 1091 909 lor·

71 945 147 997 tuna
170 937 328 1015 potestatis
351 935 462 997 habere
486 954 575 1016 quam
599 939 707 997 uirtus.

165 1023 252 1085 Nulla
275 1024 399 1085 consilia
422 1024 545 1085 meliora
563 1032 634 1086 suunt
654 1026 712 1085 nisi
730 1024 787 1106 illa,
811 1041 888 1105 qnae
907 1027 1092 1105 ignorauerit

72 1113 279 1192 aduersarius,
301 1121 460 1192 antequam
483 1113 583 1174 lacius.

165 1201 290 1263 Occasio
314 1204 343 1262 in
368 1200 445 1262 bello
475 1201 601 1282 amplius
630 1202 705 1263 solet
732 1205 838 1264 iuuare
868 1220 955 1281 qnam
984 1205 1091 1265 uirtus.
1107 1217 1136 1259 ιο

165 1290 198 1350 In
223 1289 418 1352 sollicitandis
441 1290 700 1370 suscipiendisque
724 1290 870 1371 hostibus,
893 1293 918 1352 si
942 1309 1011 1352 cum
1034 1292 1092 1353 lide

73 1381 209 1459 ueniant,
231 1397 337 1458 magna
355 1379 463 1441 liducia
482 1389 537 1461 cst,
556 1382 625 1459 quia
644 1379 849 1441 adirersarium
869 1379 995 1459 amplius
1015 1381 1092 1441 iran-

72 1477 151 1548 grmt
172 1469 345 1547 transfugae
369 1487 458 1548 quam
482 1471 638 1548 perempti.

165 1556 271 1617 Melius
295 1564 341 1618 est
363 1566 432 1636 post
455 1559 549 1618 aciem
573 1557 657 1636 plura
683 1574 804 1618 seruare
833 1555 979 1636 praesidia
1004 1573 1092 1636 quam

73 1644 164 1708 latins
189 1645 312 1707 militem
336 1664 486 1726 spargere.
1107 1661 1136 1703 rs

91 1833 125 1890 V.
137 1834 168 1888 L.
205 1829 262 1888 ἀπὸ
277 1829 369 1887 ἄλλων
384 1834 499 1906 βιβλίων
513 1832 663 1905 properet&
683 1835 792 1904 Incipit
801 1839 891 1890 aalma
901 1835 935 1889 ab
945 1835 988 1890 luia
1001 1836 1093 1891 uerbss

75 1901 216 1973 ‘Toronen
235 1906 276 1967 τίς
294 1900 370 1960 ἔστιν
394 1901 426 1960 ἐν
449 1911 508 1968 τοῖς
529 1907 587 1960 τῶν
604 1903 735 1976 πολέμων
753 1911 864 1976 καιροῖς
881 1902 899 1974 ἡ
918 1907 968 1960 τοῦ
987 1904 1093 1976 συμφέ-

74 1995 174 2047 ροντος
199 1971 314 2043 εὕρεσις.
354 1973 394 2030 Τὸ
419 1975 464 2032 col
487 1973 631 2048 συμφέρον
657 1983 716 2040 τοῖς
738 1979 883 2046 πολεμίοις
906 1971 982 2032 ἐστὶν
1005 1972 1093 2046 ἀσύμ-

74 2062 180 2117 φορον·
205 2045 255 2101 καὶ
278 2040 294 2100 ὃ
317 2043 388 2114 παρ’
413 2041 533 2110 ἐκείνοις
557 2043 713 2117 ὠφέλιμον,
738 2049 821 2103 τοῦτο
844 2053 903 2110 τοῖς
927 2052 987 2110 σοῖς
1010 2041 1092 2102 ἐναν-

59 2119 212 2185 ¹rcor'rciiuc
225 2121 314 2186 φιλεῖ·
331 2114 416 2173 οὐδὲν
435 2120 532 2172 τοίνυν
550 2117 623 2173 κατὰ
640 2115 692 2187 τὴν
706 2113 824 2174 ἐκείνων
838 2115 952 2188 γνώμην
965 2113 983 2186 ἢ
997 2123 1095 2172 ποιεῖν

75 2184 320 2280 peropus-:eirico
339 2186 477 2258 συμφέρει
496 2185 573 2260 ἡμῖν,
593 2191 678 2244 τοῦτο
697 2187 729 2245 δὲ
749 2184 838 2259 μόνον
857 2187 1000 2256 πράσσειν,
1021 2183 1092 2256 ὅπερ

75 2269 135 2322 τοῖς
152 2259 301 2350 ημεσέροις
320 2255 455 2330 χρήσιμον
474 2260 550 2315 εἶναι
567 2263 731 2332 νομίζομεν·
759 2258 787 2314 εἰ
803 2256 871 2329 γὰρ,
890 2253 963 2329 ἅπερ
983 2255 1096 2323 ἐκεῖνος

76 2327 149 2400 ὑπὲρ
169 2332 273 2387 εαυτοῦ
294 2327 421 2401 πράττει,
439 2332 530 2386 ταῦτα
548 2329 581 2386 σὺ
600 2329 716 2404 puppup,
736 2327 841 2386 σαυτὸν
862 2326 979 2400 ἀδικεῖς,
999 2324 1094 2400 ὥσπερ

75 2403 125 2457 καὶ
148 2399 180 2458 σό
201 2397 346 2456 ἀνάπαλιν
354 2401 387 2473 [l
414 2403 446 2458 el*
459 2422 486 2456 τι
505 2397 539 2458 σύ
558 2401 691 2473 πράσσεις
709 2399 854 2472 συμφέρον
878 2407 985 2475 σαυτῷ,
1009 2402 1095 2456 τοῦτο

75 2469 181 2543 βλάψει
200 2470 251 2528 τὸν
270 2470 407 2543 πολέμιον
424 2470 460 2528 τὰ
480 2471 516 2528 σὰ
531 2478 681 2542 μιμεῖσθαι
696 2470 878 2548 βουλόμενον.
909 2472 984 2544 Quae
997 2489 1092 2528 eccm

76 2550 123 2599 tur
141 2563 160 2600 u
174 2546 278 2600 nocuis
295 2545 398 2614 repulia
414 2560 530 2613 proruto
548 2547 712 2615 discrepant.
770 2551 784 2598 1
805 2545 850 2616 [ln
867 2545 944 2600 bello
962 2576 996 2585 -
1016 2543 1093 2598 tulti-

77 2614 197 2700 nebit]t
210 2617 304 2671 nebris
317 2617 416 2670 litteris
424 2617 490 2671 ltocc
498 2622 565 2672 suut
573 2623 689 2672 coarcta
698 2632 753 2686 pro
761 2617 844 2672 titulo
852 2617 923 2672 noui
932 2615 1093 2687 (XXVIIII.)

75 2689 176 2758 cupitos
189 2687 222 2742 ic
231 2692 304 2808 losa?
318 2685 402 2740 milei
413 2686 448 2741 R.
459 2687 501 2742 M.
538 2694 555 2742 3
569 2688 598 2742 in
611 2687 702 2743 eciem
713 2688 760 2742 oP
793 2693 809 2742 5
824 2690 874 2743 eut
887 2686 994 2758 inopie]
1014 2686 1101 2757 petel

74 2811 171 2883 inopia
180 2815 197 2866 l
205 2813 257 2867 eni
271 2809 370 2881 inopie
382 2813 514 2878 (coercuit
526 2827 626 2867 munus
638 2813 708 2868 satis
721 2814 850 2882 antiquo)
859 2812 887 2866 P
921 2809 1093 2881 supersunt]

73 2935 92 2988 l.
111 2939 162 2992 eni
181 2934 280 3006 inopie
299 2936 327 2990 P
386 2935 489 2990 melius
505 2935 605 3007 [el'o]e
673 2938 824 2992 iidomsre
843 2912 974 3006 (dog-are
993 2935 1030 3004 G)
1050 2937 1096 2989 εΠ

74 3008 147 3064 lame
167 3006 279 3062 domori
297 3007 326 3061 P
341 3006 416 3077 (poli
433 3023 502 3062 corr.
521 3007 551 3061 in
570 3007 646 3094 ieme
663 3007 782 3077 domari)
801 3006 876 3062 ieme
896 3006 1021 3062 edomari
1039 3007 1058 3060 ὃ

131 3114 215 3183 folet]
234 3111 326 3182 potest
346 3114 376 3165 Π
435 3113 564 3185 8[nuile
583 3145 615 3155 -
635 3113 741 3185 uirtus]
760 3114 789 3168 A
818 3113 866 3168 sed
883 3129 901 3168 ο
920 3129 1007 3168 mauu
1024 3114 1097 3168 sotio

74 3187 193 3256 autr'qun
211 3183 277 3252 (12)
294 3186 327 3238 io
344 3185 469 3256 mospius
487 3185 586 3240 addito
603 3191 672 3240 sunt
742 3152 808 3255 nili]
828 3189 946 3252 queml
1014 3183 1094 3254 igno·

74 3255 150 3311 rnuit
169 3258 201 3309 Π
272 3253 396 3310 eieciat
414 3256 444 3309 ei
462 3255 610 3311 ooceliori
689 3261 723 3312 to
744 3255 872 3327 [Occnl'ro
890 3286 924 3296 -
943 3253 1046 3325 nnius]
1066 3254 1095 3307 L

127 3333 161 3382 13
180 3328 217 3381 ir.
235 3325 270 3382 fr.
289 3326 374 3395 sculpo
432 3325 585 3398 perempti]
604 3327 764 3398 peremptio
782 3329 810 3381 Π
870 3325 1053 3396 respergere
1072 3344 1095 3378 υ

74 3413 228 3469 expergete
248 3416 267 3450 α
286 3401 473 3467 expergerct

92 3561 119 3616 S.
138 3559 171 3614 L.
252 3563 269 3612 3
287 3556 386 3640 rentes]
406 3558 580 3640 enteeeA1
660 3565 678 3612 4
697 3557 820 3640 ceperis]
839 3555 966 3626 coeperis
980 3555 1017 3637 At

73 3632 213 3686 oter-rore
226 3627 344 3700 mellus]
360 3632 495 3685 terrorem
509 3628 655 3685 mehulA'
694 3635 726 3684 12
741 3627 878 3684 fidutraA
914 3631 949 3681 15
962 3623 1053 3681 lacml'
1059 3624 1097 3679 M
