2552 4082
27 2099 29 2140 l

501 200 651 257 Praefatio.
993 198 1082 254 XXXI

84 352 118 410 ed
136 369 176 410 me
195 354 271 412 misit
295 344 337 433 (u.
359 342 469 432 1867).
507 350 697 412 (lentulorum
728 355 825 412 eutem
850 352 926 412 timec
957 353 1080 412 codicem

83 445 138 514 nost
156 441 204 500 Du
225 442 303 500 Rieu
325 440 539 514 Zomoemeister
562 445 646 514 utque
667 443 700 500 in
721 457 816 500 meum
833 459 920 500 usum
937 441 993 502 Dr,
1013 441 1082 501 Fri-

84 531 182 589 derims
197 529 290 590 Sellie
310 521 350 610 (a.
372 521 484 610 1868),
503 548 522 590 u
541 547 596 604 quo
614 532 701 589 etiom
719 533 880 603 excerptum
897 530 971 590 illud
990 530 1082 590 Velio.

88 618 150 679 VII.
174 637 245 678 saec.
278 621 502 692 transscriptum
537 619 626 678 labeo
663 609 689 699 (,·
711 620 788 679 idem
820 618 956 678 Votieuui
983 621 1081 694 4493,

82 710 123 780 qui
154 709 220 766 milei
256 709 338 767 dubii
374 712 472 775 mont,
509 709 584 767 locos
619 724 730 766 mecum
762 709 978 767 acccuratissime
1009 725 1081 768 cem-

83 788 249 878 munieauit).
282 798 388 870 Itaque
410 799 442 856 in
464 797 642 868 conficiendo
665 813 699 856 eo
728 795 835 870 Vegetii
858 797 986 864 editione,
1010 813 1083 870 quoe

84 887 155 944 1869
176 886 302 960 prodi-it,
335 903 399 944 eum
427 886 542 945 melus
567 885 632 946 Pol.
658 887 720 944 808
751 885 949 945 collationibus
977 890 1082 953 uterer,

82 977 216 1034 reensime
237 975 326 1033 lenius
349 975 428 1033 lectio
455 973 488 1034 in
515 975 601 1033 dubio
628 975 700 1033 miili
725 975 956 1048 relinquelotm;
988 975 1083 1034 decem

81 1080 140 1120 uero
159 1065 304 1122 menenius
320 1067 477 1138 postquam
506 1063 652 1137 Vegetium
679 1065 879 1132 emiseromus,
905 1063 1083 1124 ualetudinis

81 1169 159 1210 consa
191 1153 299 1212 Italico
336 1154 436 1212 itinere
471 1156 601 1226 suscepto
638 1169 703 1210 eum
739 1152 850 1212 Romae
885 1154 942 1226 nesi
977 1153 1084 1212 seilicet

78 1243 242 1312 minucium
274 1241 358 1300 ilum
385 1242 449 1301 cod.
479 1233 555 1322 (imo
582 1257 647 1300 cum
673 1243 703 1298 E
731 1245 758 1300 et
780 1233 820 1320 V)
852 1243 1082 1314 inspeciosemus,

79 1329 179 1388 Martio
201 1347 298 1388 mense
317 1331 447 1390 a.1870
466 1330 689 1403 Heidelbenyam
711 1332 822 1388 οοοιονοοΙ
844 1328 1083 1404 „eupolemum

78 1418 123 1476 illo
150 1419 212 1486 „ud
241 1419 349 1493 Vegetii
379 1422 511 1478 nostrum
543 1419 716 1477 editionem“
748 1435 782 1477 ere
815 1418 867 1477 loe
898 1420 1083 1491 potissimum

78 1507 162 1566 codiee
191 1524 266 1580 quae
301 1508 418 1567 editioni
448 1512 566 1566 nostroe
601 1508 754 1567 adicimdo
784 1508 957 1566 uidebuntur
995 1508 1084 1566 doctis

77 1598 146 1655 uiris
169 1599 393 1670 proposuimus·
425 1597 460 1656 de
485 1597 635 1656 nonnuliis
656 1597 783 1670 deniqne
809 1597 896 1656 lunius
923 1597 990 1656 libri
1021 1599 1083 1656 sm

76 1685 180 1757 eoloris
198 1688 376 1759 optimaeque
389 1689 474 1745 notae
492 1686 570 1752 locis,
589 1687 639 1759 qui
657 1686 794 1758 qnmnodo
813 1685 972 1760 legermtur
991 1686 1083 1744 ultera

76 1773 125 1830 lec
141 1775 260 1833 odilone
281 1777 414 1833 instituta
432 1777 580 1834 etiumtmn
603 1775 850 1841 dubitaueromus,
875 1771 1013 1833 Oieeolini
1034 1776 1084 1832 nir

75 1863 249 1922 mensurus
276 1867 303 1921 et
329 1851 600 1931 reuerendusimns,
630 1864 680 1935 qui
701 1879 783 1922 mme
804 1863 962 1922 Voticonoe
986 1863 1084 1922 billo-

75 1951 165 2010 tlecoe
180 1955 311 2025 praeest,
334 1955 468 2025 rogantes
489 1969 544 2010 nos
566 1952 825 2012 benevolentissime
852 1954 985 2010 certiores
1008 1953 1082 2024 feeit.

27 2061 28 2092 r
80 2039 245 2099 Veientem
267 2057 368 2100 sumus
394 2041 446 2098 icoc
473 2041 567 2100 codice
594 2041 714 2100 eundem
741 2043 774 2099 in
800 2041 930 2108 nmmum,
958 2057 1013 2112 quo
1040 2056 1084 2098 co-

27 2161 28 2174 κ
73 2129 179 2188 cluibus
200 2127 277 2188 AM.

161 2221 189 2276 7.
217 2209 277 2298 1¹¹)
293 2242 336 2264 =
356 2217 639 2295 Voticmms4493,
668 2220 700 2276 in
728 2217 778 2290 fol.
805 2218 884 2288 min,
909 2215 987 2274 XII.
1011 2233 1084 2275 soec.

77 2307 209 2376 quamuis
232 2309 366 2365 acmrete
389 2311 415 2364 et
437 2307 585 2380 diligenter
608 2323 644 2365 ac
665 2307 739 2364 setis
761 2308 883 2363 correcte
900 2305 961 2377 fere
983 2321 1085 2363 monn-

76 2397 126 2461 tns,
149 2398 246 2454 tomen
268 2396 436 2468 saepissime
458 2395 576 2468 singulo
594 2398 737 2453 commuto
756 2395 988 2454 terminationem
1006 2395 1086 2454 simi·

74 2482 190 2542 titudine
221 2483 321 2556 lapsus
352 2485 462 2542 omittit.
516 2483 634 2542 Desinit
664 2485 696 2542 in
726 2481 786 2556 IV,
811 2484 852 2542 39
884 2483 921 2556 ef.
953 2482 1026 2560 157,
1052 2486 1084 2558 13

77 2573 158 2630 etiam
182 2572 349 2646 capitulatio
373 2572 440 2631 libri
461 2572 516 2631 IV
535 2589 593 2631 non
616 2573 696 2631 ultra
723 2575 810 2645 copul
833 2573 873 2631 39
887 2573 1085 2646 progreditur,

70 2663 316 2730 praetereunter
338 2661 387 2734 sol.
414 2662 432 2720 6
457 2665 483 2720 et
508 2664 524 2720 l
549 2679 642 2720 numm
660 2661 764 2720 condit
784 2661 888 2734 folium
912 2652 963 2741 (ef.
980 2679 1012 2734 p.
1034 2661 1086 2736 99,

77 2751 111 2807 18
135 2753 163 2808 et
187 2751 238 2825 96,
263 2743 306 2828 6.)
355 2747 412 2823 Qui
435 2751 521 2808 codex
544 2767 608 2808 cum
631 2767 708 2808 unus
731 2767 764 2809 coe
792 2752 906 2824 optimis
929 2752 979 2816 sit,
1006 2749 1087 2806 hand

74 2839 250 2911 supmtlnum
280 2842 354 2912 pulo
386 2839 529 2898 nonnullo
561 2839 601 2898 ad
632 2839 866 2912 orthographiam
901 2838 988 2896 nutus
1019 2837 1087 2896 libri

74 2929 229 2998 socomntio
264 2944 338 2999 quoe
374 2927 426 2985 Du
461 2927 539 2986 Rieu
575 2930 727 3001 excerpsit,
757 2942 929 3000 proponere.
974 2923 1085 2985 belisia

76 3014 254 3090 elballisie,
277 3015 400 3090 molior,
431 3014 610 3090 circinatae,
638 3015 761 3091 theseli,
788 3015 917 3092 quintio,
940 3015 1086 3090 quotiens,

75 3101 237 3179 adquirere,
260 3103 394 3180 adgredi,
418 3122 546 3182 assumo,
569 3103 728 3178 ascribere,
751 3103 984 3179 amminiculum,
1009 3103 1086 3180 espi-

76 3208 144 3269 eere,
168 3193 348 3270 adgregare,
374 3193 530 3262 adtentus,
554 3195 711 3269 aienuare,
735 3192 909 3267 adnectere,
932 3195 1085 3266 annotare,

78 3279 215 3356 edeolere,
239 3280 410 3356 adportare,
433 3281 633 3356 adsuefacere,
657 3281 816 3357 adplicere,
840 3299 997 3356 apponere.
1034 3299 1086 3338 eu·

77 3365 165 3447 datia,
191 3370 360 3448 prouiniia,
392 3369 531 3448 inficiari,
559 3370 672 3430 fidutia.
720 3369 837 3445 Gneue,
865 3373 947 3446 tyre,
977 3369 1088 3446 Tyber,

79 3504 283 3518 *n*-

139 3574 360 3648 DffnXK
