2576 4080
467 251 529 308 tis.
546 251 594 318 111,
613 256 656 306 ro.
1012 250 1076 316 119

69 405 198 464 cessitate
218 401 302 462 ducis
322 403 488 462 constantia
507 407 601 462 totam
620 399 677 460 sibi
696 401 790 478 possit
809 399 962 461 uindicare
982 401 1076 461 uicto·

69 489 144 548 riam.
165 489 437 552 innumerabilibus
452 489 509 550 boe
523 489 632 550 eccidit
645 487 739 568 bessis,
755 496 785 549 et
799 505 854 566 pro
869 488 1077 568 superioribus

70 584 134 637 sunt
155 578 248 640 babiti
272 581 324 659 qui
347 579 469 639 minime
493 579 699 657 desperarunt.
740 576 815 638 Nam
838 577 870 636 in
894 577 983 638 simili
1007 595 1076 638 oon·

69 664 179 726 dicione
197 669 302 729 sortior
321 665 455 729 ereditur
474 684 564 746 quem
583 666 709 727 aduersa
728 683 788 726 non
809 665 959 742 frangunt.
989 665 1076 726 Prior

69 771 133 832 ergo
157 753 195 814 do
222 758 315 816 eaesis
344 755 481 816 hostibus
509 755 603 835 spolia
630 756 739 834 capiat,
770 753 850 833 quod
878 755 938 833 ipsi
965 754 1104 835 dicanti

70 842 180 921 colligat
203 860 348 925 campum,
371 846 454 923 prior
477 843 606 905 clamore
630 861 664 904 ac
687 841 806 904 bucinis
825 843 958 904 exultare
977 842 1076 903 uidea-

70 939 121 991 tur.
157 929 220 991 Hac
238 931 346 993 fiducia
364 934 405 994 ita
428 932 610 1012 perterrebit
627 934 774 1011 inimicos,
797 932 838 992 ita
857 934 921 992 suis
938 931 1077 992 fiduciam

70 1017 239 1099 geminabit,
267 1023 352 1099 quasi
375 1024 472 1082 uictor
495 1039 532 1082 ex
555 1022 637 1082 omni
659 1031 744 1099 parte
767 1019 949 1082 discesserit.
991 1019 1078 1090 Quod

70 1110 93 1169 si
108 1108 206 1188 aliquo
226 1126 298 1170 casu
318 1112 412 1170 omnis
430 1113 462 1171 in
482 1111 545 1171 acie
565 1109 708 1172 fundatur
727 1110 886 1190 exercitus,
908 1111 1078 1188 perniciosa

70 1195 176 1276 clades3
204 1205 304 1258 tamen
332 1199 529 1278 reparationis
557 1197 659 1259 multis
688 1199 808 1259 sortuna
832 1216 891 1259 non
915 1197 1024 1278 defuit,
1048 1206 1078 1259 et
1092 1210 1118 1250 10

71 1284 209 1346 medicina
224 1287 394 1364 quaerenda
409 1295 463 1348 est.
495 1285 561 1347 Dux
581 1305 651 1365 ergo
670 1286 815 1364 prouidus
835 1284 891 1346 sub
911 1303 945 1346 ea
964 1285 1079 1347 cautela

72 1373 182 1450 publico
206 1373 297 1435 debet
319 1373 413 1436 Marte
436 1375 612 1454 confligere,
636 1383 686 1456 ut,
709 1376 736 1434 si
760 1374 831 1453 quid
854 1391 909 1452 pro
933 1377 1078 1437 uarietate

73 1461 209 1524 bellorum
234 1463 283 1523 uel
306 1463 491 1524 condicionis
514 1463 660 1524 humanae
683 1481 772 1525 secus
791 1462 942 1544 acciderit,
965 1461 1079 1542 absque

74 1553 149 1629 graui
163 1552 344 1613 detrimento
359 1551 467 1612 liberet
480 1552 587 1613 uictos.
615 1551 689 1613 Nam
704 1554 731 1612 si
744 1553 837 1630 uicini
852 1551 942 1612 colles
957 1552 1079 1633 suerint,

75 1641 181 1719 sipost
204 1649 289 1718 terga
312 1641 452 1721 munitio,
480 1643 507 1701 si
534 1643 642 1702 ceteris
671 1640 900 1702 abscedentibus
923 1640 1079 1702 fortissimi
1093 1653 1120 1696 ro

75 1731 175 1807 quique
198 1731 375 1810 restiterint,
399 1747 432 1790 se
455 1747 586 1808 suosque
610 1729 783 1791 seruabunt.
815 1729 1003 1809 Frequenter
1021 1731 1079 1789 iam

75 1817 131 1876 susa
152 1820 232 1879 acies
256 1817 408 1896 dispersos
431 1835 465 1878 ac
489 1820 600 1896 passim
619 1827 779 1898 sequentes
798 1821 944 1898 reparatis
962 1818 1079 1880 uiribus

76 1905 228 1968 interemit.
263 1905 432 1985 Numquam
446 1905 650 1968 exultantibus
668 1909 764 1968 maius
783 1907 860 1968 solet
879 1910 1001 1969 euenire
1020 1907 1078 1968 dis·

31 1987 35 2002 '
75 1995 185 2074 crimen,
210 2013 299 2074 quam
323 2013 392 2056 cum
415 2013 452 2056 ex
475 1995 575 2057 subito
599 1995 710 2057 serocia
732 1999 764 2057 in
787 1996 977 2058 formidinem
1001 2013 1080 2056 com·

89 2111 117 2165 V.
135 2112 165 2168 L.
220 2118 235 2167 1
256 2111 336 2166 ducis
351 2112 506 2167 consentiat
525 2116 554 2167 et
571 2115 631 2168 tom
651 2113 678 2167 α’
697 2113 762 2168 duoi
776 2112 930 2168 consentiat
944 2112 974 2166 et
986 2110 1081 2165 tamti

75 2181 146 2237 ducis
159 2182 316 2238 consentiat
334 2184 513 2252 providentie,
530 2187 560 2238 et
577 2186 702 2240 tament
774 2190 790 2237 2
810 2200 861 2252 pro
880 2180 1079 2252 superioribus]

75 2251 221 2323 superiores
237 2253 286 2308 oP
339 2257 405 2309 det
423 2253 499 2322 quod
516 2255 600 2324 eetpo
650 2255 732 2326 sec]
753 2255 782 2307 et
800 2253 866 2344 ΠΡι
906 2253 1027 2307 elamore
1047 2268 1080 2306 ac

75 2323 182 2379 bucinas
197 2325 323 2380 exaltare
341 2327 360 2379 δ
433 2332 447 2380 i
468 2326 535 2397 sita]
554 2326 602 2379 oP
653 2323 821 2396 perterreuit
839 2343 858 2376 α
884 2323 1037 2392 perterruit
1054 2323 1082 2377 θ

138 2395 193 2468 [ita
210 2395 281 2466 suis]
301 2415 320 2449 α
339 2397 368 2450 et
385 2401 400 2450 t
420 2398 450 2451 et
466 2395 522 2450 suis
540 2398 626 2464 euripo
715 2394 919 2465 8geminabit]
943 2412 970 2464 g.
995 2392 1081 2447 suist

138 2473 153 2522 9
172 2467 327 2522 fundantur
345 2470 376 2521 Π
435 2466 605 2537 perniciosae
624 2470 750 2538 (perneo-
769 2467 798 2520 P
812 2465 917 2536 pernit-
934 2464 975 2535 D)
995 2464 1085 2520 cladis

73 2539 159 2593 tamur
177 2539 225 2592 oP
278 2543 312 2593 10
330 2537 557 2608 reparationibus
571 2543 586 2593 t
640 2541 669 2593 et
686 2538 774 2608 med]
793 2539 865 2593 heeo
883 2537 947 2606 (hec
962 2538 996 2608 Q)
1015 2541 1079 2592 m.i

74 2607 119 2663 hec
136 2627 172 2667 m.
192 2610 283 2665 Serio.
366 2615 398 2663 12
417 2626 468 2678 pro
486 2608 626 2665 uarietate
644 2610 702 2664 A'rr
719 2610 834 2681 probari
852 2610 947 2663 etate
966 2609 1004 2662 M
1017 2625 1081 2679 pro·

74 2677 142 2736 barii
160 2682 190 2735 et
208 2684 274 2736 ante
293 2684 309 2734 i
396 2685 429 2735 18
447 2679 586 2735 interimit
604 2680 660 2735 GP
728 2697 793 2735 nam
812 2698 908 2748 namq.
926 2681 1011 2749 welpo

75 2751 189 2823 euenire]
211 2750 267 2805 esse
285 2751 369 2820 welpo
441 2750 603 2834 uiri[bus-
614 2751 818 2823 exultantibus
833 2753 851 2804 d
924 2755 957 2804 18
975 2749 1079 2830 maius]

74 2821 157 2892 magis
172 2824 190 2877 δ
247 2827 281 2876 19
301 2838 335 2876 ex
353 2821 443 2877 subito
462 2821 482 2878 s.
502 2841 520 2878 r.
539 2822 558 2876 1.
578 2824 766 2878 commutatur
784 2822 868 2890 Lanp
886 2820 977 2874 subito
994 2821 1044 2873 fer.
1063 2837 1082 2874 1.

74 2888 90 2942 f.
107 2894 295 2948 commutetur
312 2893 397 2962 eetpo
415 2909 450 2947 ex
468 2892 559 2947 subita
575 2893 594 2948 f.
612 2893 631 2948 i.
651 2895 670 2948 s.
690 2896 897 2948 commutantur
909 2891 939 2944 π’
962 2891 1084 2945 exubeto

73 2959 90 3015 1.
104 2963 119 3016 i.
133 2963 151 3020 1.
171 2982 194 3020 c.
211 2964 239 3019 α’
259 2963 418 3019 exhibitas.
433 2964 451 3019 i.
466 2965 485 3018 1.
500 2966 708 3019 commutentur
721 2964 748 3018 G
766 2963 930 3033 exsuperata
943 2961 961 3016 1.
981 2960 1012 3016 in
1028 2960 1084 3017 for-

74 3031 202 3090 midinem
220 3034 263 3103 (in
281 3034 476 3090 fortitudinem
490 3037 515 3103 t)
531 3036 740 3090 commutantur
752 3035 798 3089 tP
812 3033 935 3089 Oudeud.

91 3138 115 3192 S.
133 3142 163 3195 L.
218 3143 282 3198 Gur.
302 3141 389 3197 XXV.
426 3141 573 3196 succedit
591 3142 618 3194 α’
659 3141 753 3197 bellus
766 3141 795 3196 A
839 3137 1083 3208 3disperarunta

131 3213 322 3268 conditiones
387 3213 548 3294 ticolleget
566 3214 593 3294 qs
656 3211 773 3268 bucines
789 3214 841 3293 H·
887 3209 1087 3290 uideentmsi

133 3284 229 3356 ibeo]
250 3301 284 3339 ac
303 3285 339 3339 A*
399 3285 592 3353 Sgemmaurt
610 3303 628 3337 o
691 3283 794 3354 uictor]
814 3283 891 3337 drcto
910 3284 940 3335 Π
997 3279 1084 3334 teh-

77 3353 228 3424 tuo]o1ico
247 3355 285 3427 A,
344 3360 378 3409 13
398 3352 596 3410 conditioniss
648 3360 682 3409 tt
700 3353 872 3410 deerimento
892 3351 919 3406 A
971 3357 1003 3405 to
1022 3349 1085 3420 post

79 3425 389 3553 restituerer
429 3424 668 3564 corticem
748 3421 1016 3550 semme

83 3617 111 3668 19
128 3569 236 3676 exibita
254 3625 285 3676 Π
