2552 4082
462 205 612 261 Praefatio.
936 203 1042 260 XVHH

43 354 106 413 libro
135 356 289 429 desmpius
317 360 365 416 cst.
401 354 576 415 Senmdarii
603 360 685 415 testes
716 360 785 415 sant
811 358 848 416 ab
875 375 937 416 uua
954 362 1044 432 parte

47 443 302 518 Gridpdertptanus
325 443 482 506 Gudianus
505 446 547 504 84
570 447 680 505 caecidi
704 444 742 503 X.
766 447 892 506 cacantis
918 448 965 505 uei
989 465 1042 506 un·

43 533 231 592 donnicatis
254 533 284 593 G
307 565 349 574 --
373 551 456 606 mern
478 533 665 594 Seiunctus
688 534 820 594 adhibuit
844 537 930 594 -ci
957 536 1042 595 Pari·

44 624 114 680 sinus
140 624 225 683 7230
246 621 294 689 A.
326 640 409 696 onem
435 641 495 682 non
520 625 553 681 in
581 627 725 682 certamen
750 623 921 683 uomuimas
947 628 1044 697 ntprote

43 727 95 767 nm
117 710 191 770 (iin
212 713 345 770 munibus
366 713 427 784 fere
448 714 545 771 uariis
567 713 734 771 iectionibrn
760 714 976 772 consentientem
998 715 1042 786 ip-

45 816 147 872 sumque
167 802 411 875 nepiepentissime
434 805 594 867 inaratam,
619 802 655 859 ab
679 801 772 860 altera
784 805 874 874 parte
886 800 1044 860 Parisinus

45 889 114 946 7383
134 889 171 946 Χ.
193 905 269 949 saec.
292 891 375 949 nobis
397 889 429 963 Q,
443 889 653 950 Laudunensis
675 889 740 948 428
762 887 800 947 X.
818 906 893 949 saec.
915 891 1042 948 innuitis

44 977 110 1036 rotis
133 978 171 1046 J..
203 979 381 1037 &esicius
406 979 438 1036 D
458 980 521 1037 182
552 977 589 1036 X.
613 993 686 1037 saec.
730 978 806 1037 Itios
837 996 903 1037 cum
929 975 959 1036 A
983 994 1043 1038 esse

44 1068 289 1143 minacissimae,
311 1067 377 1126 dos
411 1097 449 1106 -
482 1068 566 1126 nobis
588 1059 638 1147 i¹)
665 1097 702 1107 -
729 1085 904 1140 quamquam
935 1067 1044 1126 mirum

44 1160 165 1224 nanum
196 1156 387 1230 interpolatos
424 1173 459 1214 ac
500 1157 676 1229 deprauatas
710 1173 891 1229 prorsusque
931 1157 1043 1215 nuliius
1158 1213 1162 1222 ,

41 1235 144 1325 praed)
167 1249 266 1304 tamen
283 1247 316 1303 in
333 1245 507 1318 qudusdam
529 1246 688 1304 leuioribus
705 1245 746 1303 ad
764 1244 803 1302 M
813 1246 948 1318 prcaime
966 1259 1043 1304 acce-

45 1331 97 1389 iae
116 1338 234 1393 consini.
272 1331 354 1407 Quod
376 1335 473 1392 autem
490 1332 671 1392 Bernensem
693 1333 821 1392 Parisios.
843 1334 928 1392 6503
952 1332 1044 1392 Dros-

47 1420 143 1479 densem
173 1424 211 1482 ab
246 1423 395 1495 apparatu
420 1426 518 1481 nostro
547 1423 732 1496 exclusimus,
764 1423 919 1489 naninem,
950 1437 1043 1494 spero,

46 1508 162 1582 offendam
189 1513 304 1584 sactum
328 1515 368 1568 est
390 1527 425 1569 en
452 1528 486 1570 ea
510 1513 625 1570 criticae
648 1512 722 1570 ariis
743 1511 871 1577 ratione,
900 1528 988 1583 quam
1011 1511 1045 1568 in

47 1595 88 1655 iac
102 1602 265 1660 recensione
282 1600 442 1658 inamdam
458 1601 656 1658 iudicauimus
679 1590 730 1679 (cf.
753 1615 828 1672 quac
847 1601 881 1658 in
901 1599 1044 1658 Tenoncri

47 1677 262 1762 ‘Midieitunpon
284 1680 345 1747 etc.'
370 1690 398 1746 2.
418 1707 450 1763 p.
471 1691 499 1747 7.
523 1706 550 1746 a.
567 1689 653 1746 1868
677 1688 712 1747 de
727 1690 831 1762 priore
858 1693 959 1747 nostra
985 1689 1044 1747 edi-

46 1775 105 1834 tione
118 1778 249 1852 professi
270 1771 394 1854 sumus).
1039 1789 1042 1796 ’

122 1866 261 1924 Venimus
288 1866 327 1925 ad
354 1863 539 1938 archetypum
566 1866 686 1924 atterius
708 1864 824 1932 classis,
848 1882 931 1938 quem
953 1884 976 1924 u
997 1862 1046 1923 uei

45 1951 71 2007 π’
91 1983 128 1994 -
150 1956 222 2028 auid
245 1955 370 2030 differat,
387 1955 456 2013 iride
476 1955 561 2026 infra
578 1985 622 1995 -
639 1955 833 2013 nominamus.
878 1953 969 2027 Qun
980 1953 1044 2027 pie-

45 2042 136 2100 oiorem
158 2048 246 2116 atque
268 2045 465 2102 correctiorem
487 2060 576 2115 quam
599 2062 612 2101 ε
634 2044 726 2116 fuisse
747 2046 781 2101 ut
797 2044 859 2101 iam
876 2059 970 2114 supra
988 2042 1046 2100 dic-

47 2130 93 2187 tum
112 2136 159 2200 est,
180 2134 225 2192 ita
250 2133 299 2204 aui
322 2132 433 2199 leuiter,
456 2147 531 2204 quae
546 2133 629 2190 ¹inter
651 2151 666 2190 ε
688 2135 715 2190 et
736 2150 759 2188 u
780 2131 965 2204 intercedunt,
985 2129 1043 2188 dis-

48 2223 192 2291 crepantias
215 2222 412 2296 percurrerit,
447 2219 523 2278 imno
550 2221 679 2280 auiam
706 2219 837 2278 ordinem
858 2234 916 2291 pra
939 2217 1045 2289 dinda-

47 2313 120 2365 aare
147 2310 342 2370 instituendae
370 2310 486 2368 criticae
514 2309 646 2368 editionis
672 2307 835 2366 habendum
861 2305 1043 2364 indicauerit.

46 2391 89 2453 Sed
108 2397 191 2457 aliter
209 2415 258 2457 res
279 2413 310 2457 sc
331 2397 423 2457 habet.
458 2395 594 2456 Primum
616 2397 729 2470 mdiqui
751 2395 827 2462 iibri,
846 2396 896 2468 qui
914 2395 954 2454 ad
970 2395 1046 2453 hanc

48 2482 148 2544 cassem
164 2488 329 2562 pertinent,
357 2486 439 2559 drapo
455 2488 613 2558 pauciores
634 2488 715 2551 nont,
737 2484 814 2543 unde
836 2485 879 2555 nc,
901 2488 935 2542 ut
956 2484 1047 2544 tradi

46 2572 125 2631 torum
142 2576 297 2634 lectionum
318 2576 399 2648 oripo
422 2578 448 2633 et
464 2591 638 2648 propressus
656 2574 707 2633 iac
724 2575 757 2632 in
775 2574 876 2632 ordine
893 2574 991 2632 adnue
1009 2573 1047 2632 sit

44 2665 215 2736 commum
252 2665 353 2722 deinde
385 2664 554 2736 mutamque
585 2663 750 2736 diiipeutius
785 2665 925 2720 naturam
959 2661 1047 2719 huius

46 2747 130 2811 classis
146 2753 393 2826 perscrutabitur,
415 2753 547 2826 stupidis,
570 2752 674 2825 andus
691 2770 705 2809 ε
724 2755 751 2809 ei
766 2769 790 2808 u
808 2750 954 2822 differimt,
977 2749 1047 2806 iocis

48 2845 161 2900 accurate
184 2841 375 2900 consideratis
402 2845 487 2914 atque
514 2841 657 2914 eapernis,
684 2841 728 2899 ita
755 2856 820 2897 eam
848 2840 1047 2910 comparatam

48 2930 154 2996 reputat
175 2946 289 2988 necesse
312 2934 361 2997 est.
384 2933 424 2996 ut,
448 2930 481 2988 id
503 2929 579 3001 quad
600 2931 661 2988 iam
682 2945 784 3002 supra,
808 2942 873 2986 cum
895 2926 930 2986 de
952 2927 1058 3010 operis·

48 3012 217 3090 inscriptione
239 3035 397 3092 wmarus,
421 3018 521 3077 leuiter
540 3018 653 3090 quidem
671 3018 823 3090 ietipimus,
847 3016 884 3074 ab
901 3016 1047 3088 iupem'oso

49 3105 153 3169 nucu
174 3108 290 3166 iamim
310 3109 437 3181 scriptus
462 3107 611 3173 uideatur,
639 3107 689 3178 qui
712 3122 777 3164 oum
793 3105 863 3163 iaec
886 3104 952 3177 iiia,
976 3119 1050 3177 auae
1145 3177 1147 3182 Ι

53 3227 245 3244 Ὢ

108 3294 130 3361 1)
148 3294 197 3348 Aa
224 3295 296 3348 itanc
321 3293 495 3348 dderrimam
526 3293 663 3360 familiam
686 3291 824 3362 pertinuit
851 3290 943 3356 codsa,
971 3288 1045 3343 unae

56 3354 146 3417 Cosano
172 3369 300 3433 excerpta
327 3363 438 3433 (‘Ueber
465 3365 526 3418 ciue
551 3362 741 3430 Handschaift
764 3363 810 3416 des
832 3361 968 3416 Nicotaus
993 3375 1047 3414 oon

57 3423 108 3485 Oua
123 3436 178 3489 etc.’
200 3441 311 3490 auctore
328 3434 385 3490 dos.
406 3433 493 3489 Klein
506 3451 536 3504 p.
558 3439 591 3488 39
611 3439 635 3488 et
653 3436 699 3504 40)
718 3438 826 3503 sumpta
844 3437 917 3486 sunt.

110 3505 134 3573 ι)
151 3507 330 3576 ρκαπιοιτεηι
344 3525 363 3560 u
378 3507 454 3561 codd.
470 3504 585 3574 (Ama)
596 3507 681 3572 tectio,
699 3505 748 3559 ubi
766 3523 784 3558 a
802 3507 817 3557 t
836 3504 982 3572 discrepat,
1002 3518 1048 3556 ar-

59 3567 170 3643 capp.
191 3582 228 3632 est
247 3579 338 3633 eadem
352 3577 490 3647 putanda.

846 3661 885 3714 b*
