2604 4082
511 245 573 300 uu.
592 243 626 313 u,
646 251 671 299 r.
1056 247 1098 310 41

89 395 137 472 qui
156 393 193 454 ab
208 393 342 471 Augusto
361 393 519 454 ordinariis
538 395 633 454 iuncti
652 400 731 454 sunt.
764 393 909 455 Flauiales
927 397 1009 476 item,
1028 403 1100 456 tam-

88 501 174 562 quam
198 482 323 544 secundi
346 482 531 563 Augustales,
556 501 571 542 a
594 483 664 542 diuo
683 480 864 561 Vespasiano
888 492 957 544 suut
981 483 1101 562 legioni·

86 571 141 632 hus
165 572 265 632 additi.
289 571 444 650 Aquiliferi
468 573 519 649 qui
542 571 669 650 aquilam
693 578 821 650 portant.
858 570 1026 649 Imaginarii
1050 575 1101 652 qui

85 661 273 740 imperatoris
292 656 436 739 imagines
455 660 563 720 ferunt.
598 659 742 740 Optioues
762 658 797 720 ah
817 659 983 739 adoptando
1002 661 1100 740 appel·

85 749 150 830 lati,
178 748 257 828 quod
288 746 533 809 antecedentibus
561 748 747 827 aegritudine
770 749 951 828 praepeditis
974 748 1005 808 hi
1029 758 1129 808 tam-s

87 857 175 918 qnam
194 838 324 917 adoptati
344 855 448 898 eorum
467 844 556 915 atque
576 838 681 898 uicarii
705 836 803 898 solent
825 839 967 898 uniuersa
987 856 1101 899 curare.

88 928 227 1007 Signiferi
251 929 302 1005 qui
326 928 409 1005 signa
426 933 562 1006 portant,
580 943 656 1004 quos
674 944 756 986 nunc
774 927 964 987 draconarios
984 935 1102 988 uocant.

84 1016 250 1076 Tesserarii
274 1017 325 1094 qui
349 1023 491 1076 tesseram
512 1033 566 1093 per
585 1014 780 1075 contubernia
803 1015 930 1076 militum
949 1017 1101 1096 nuntiaut3

84 1117 198 1166 tessera
218 1112 317 1166 autem
336 1103 446 1164 dicitur
464 1111 658 1182 praeceptum
673 1103 767 1185 (lucie,
786 1122 844 1182 quo
864 1102 913 1164 uel
932 1104 967 1164 ad
983 1104 1102 1184 aliquod

84 1212 158 1274 opus
188 1193 236 1254 uel
265 1192 301 1253 ad
329 1191 440 1253 bellum
468 1200 609 1254 mouetur
633 1194 791 1252 exercitus.
833 1192 1016 1273 campigeni,
1044 1193 1101 1254 hoc
1117 1211 1143 1250 ιο

84 1291 129 1344 est
148 1282 344 1360 antesignani,
367 1281 435 1342 idco
455 1283 497 1342 sic
516 1283 669 1361 nominati,
693 1283 761 1360 quia
780 1299 885 1341 eorum
903 1299 994 1360 opera
1013 1290 1102 1361 atque

86 1374 199 1432 uirtute
229 1371 365 1430 exercitii
391 1387 487 1448 genus
516 1373 626 1431 crescit
652 1373 683 1430 in
712 1387 824 1449 campo.
866 1369 1026 1430 lietatores
1050 1372 1102 1449 qui

85 1459 300 1540 praecedentes
323 1457 421 1518 locum
445 1458 559 1537 eligunt
582 1461 695 1520 castris.
731 1458 918 1519 Beneficiarii
937 1457 972 1518 ab
993 1477 1028 1519 eo
1052 1477 1101 1537 ep·

84 1548 195 1629 pelleti,
220 1546 299 1626 quod
323 1556 541 1625 promouentur
564 1546 708 1609 beneficio
732 1546 931 1608 tribunorum.
972 1545 1123 1607 Librarii

84 1636 194 1716 abeo,
223 1635 303 1715 quod
333 1638 364 1696 in
388 1634 480 1696 libros
503 1637 641 1696 referunt
663 1638 794 1698 rationes
817 1637 853 1697 ad
877 1635 987 1697 milites
1010 1638 1100 1715 perti·
1116 1653 1142 1694 ra

84 1733 198 1786 nentes.
241 1723 402 1784 Tubiciues
425 1726 593 1785 cornicines
617 1733 647 1786 et
669 1724 860 1786 bucinatores
884 1727 935 1804 qui
959 1724 1029 1786 tuha
1053 1725 1103 1785 uel

84 1833 153 1875 aere
174 1831 268 1875 curuo
290 1813 340 1874 uel
359 1813 467 1874 bucina
487 1815 672 1875 committere
691 1813 839 1893 proelium
858 1814 963 1876 solent.
1000 1814 1101 1874 Arma·

83 1912 170 1964 turae
194 1901 333 1982 duplares
357 1904 408 1980 qui
431 1901 516 1962 binas
545 1912 747 1963 consecuntur
774 1921 918 1983 annonas,
947 1903 1102 1983 simplar'es

101 2093 134 2149 V.
154 2091 187 2147 L.
225 2093 243 2145 ι’.
259 2092 276 2144 l.
293 2107 328 2146 er.
349 2107 367 2144 a
381 2095 413 2158 2)
432 2090 499 2160 quia
517 2090 601 2160 primi
620 2091 683 2146 luni
697 2093 729 2144 H
743 2090 849 2160 primos
859 2090 904 2144 21)
921 2091 997 2161 reolo.
1016 2089 1102 2160 primi

82 2163 147 2218 luni
173 2165 203 2218 ei
231 2162 303 2218 Gieo.
336 2161 505 2217 Korltioottoo
530 2165 551 2218 2
583 2178 639 2229 qua
666 2161 750 2232 primi
780 2161 842 2215 sunt
871 2161 994 2216 Oudood.
1024 2160 1102 2230 [quia

81 2233 169 2302 primi
190 2232 266 2303 inni]
294 2231 379 2301 Lurco
406 2231 520 2288 Foreter
616 2239 630 2286 1
655 2233 722 2301 qnia
745 2234 776 2284 H
863 2238 879 2285 3
903 2229 1064 2300 imaginarii
1087 2249 1100 2285 ε

82 2303 256 2376 imagiuiferi
275 2306 306 2356 H
321 2302 483 2372 imaginarii
501 2303 548 2357 uel
565 2301 736 2373 imaginiferi
756 2303 804 2356 oP
822 2301 945 2357 Oudertd.
1029 2307 1047 2355 4
1065 2302 1101 2356 ab

83 2376 207 2445 optando
228 2375 276 2428 aP
353 2374 475 2445 equod]
496 2375 598 2445 quit}1
675 2375 777 2446 [antec.
798 2404 829 2414 —
849 2372 1031 2499 praeped.}l

84 2447 250 2516 oadoptcli
275 2463 338 2500 cum
362 2461 458 2500 eorum
481 2444 622 2500 uiceriot
648 2447 693 2500 ed.
718 2461 769 2500 ceu
788 2460 843 2499 eor.
863 2442 964 2498 uicarii
1002 2445 1100 2498 muer.

155 2533 307 2587 procurare
327 2518 358 2570 dl
441 2523 457 2572 8
475 2516 619 2587 tesseram]
638 2515 738 2573 tessera
756 2513 783 2569 α’
802 2514 918 2570 cesseras
932 2515 1101 2570 Korlte'oous

83 2593 102 2644 2
121 2589 185 2644 Otto
203 2587 407 2642 tenerascere.
481 2593 497 2641 9
516 2588 632 2657 aliquod
650 2590 669 2644 ι’,
690 2589 708 2642 l.
727 2604 763 2643 er.
785 2588 884 2656 (moesi
902 2586 1000 2658 belli),
1019 2587 1101 2642 redd

83 2667 138 2716 a2
160 2661 257 2714 adieci.
278 2660 309 2711 H
390 2664 423 2712 10
442 2658 613 2729 campigenii
630 2658 660 2713 π’
745 2664 775 2713 11
796 2657 970 2725 antesignani
989 2661 1020 2712 H
1035 2660 1101 2713 ente

82 2731 163 2801 ligne,
181 2733 208 2784 a'
235 2733 301 2784 ante
320 2729 429 2798 lignum
450 2728 524 2800 (le¹
555 2735 622 2784 ente
641 2729 721 2800 ligne
739 2729 792 2800 262
812 2728 1030 2798 anielignariid

83 2809 115 2856 12
135 2802 242 2857 uirtute
263 2801 390 2856 exercitii
408 2800 497 2870 genus
516 2801 603 2855 AHD
622 2820 649 2856 u.
668 2819 709 2856 ex.
729 2800 829 2870 genius
849 2800 875 2854 V
890 2797 1011 2854 uirtutes
1025 2814 1101 2852 exer·

83 2873 154 2928 citui
174 2871 321 2943 genuum
336 2872 442 2926 uirtute
457 2872 592 2926 exercitui
607 2861 713 2942 ingens
727 2870 772 2926 uis
790 2871 816 2925 G
831 2871 954 2925 Oudenoi.
983 2868 1105 2924 uirtutes

84 2943 226 2998 exercitus
240 2942 332 3014 genui
346 2943 390 2996 tP
407 2942 513 2997 uirtule
533 2943 666 2998 exercitui
684 2941 785 3012 uigens
799 2941 844 2995 uis
859 2941 999 2997 Schwebel.
1071 2939 1101 2995 in

83 3031 185 3086 cumpo
203 3017 271 3070 met.
292 3033 311 3066 α
331 3014 377 3085 [1.]
398 3029 419 3068 c.
439 3031 475 3067 m.
495 3019 510 3068 t
582 3013 753 3070 mercatores
768 3016 798 3066 H
876 3018 909 3067 13
930 3011 1053 3084 [cestris]
1073 3015 1104 3066 H

156 3086 416 3225 roclenus
446 3083 816 3211 ¹⁶1i¹utitnrreui
834 3083 1102 3224 renuerit

84 3245 170 3282 cornu
185 3227 213 3283 θ
234 3227 357 3281 Oudeud.
414 3232 447 3281 18
467 3226 516 3295 qui
533 3226 615 3281 binas
629 3257 665 3278 -ψ
684 3225 734 3296 qui
752 3225 877 3296 lingulas
893 3229 923 3280 H
939 3226 1006 3294 quia
1024 3227 1051 3280 b.
1067 3256 1100 3266 -

84 3299 152 3368 quic
170 3297 242 3368 ling.
262 3295 391 3368 (siugulis
406 3298 434 3365 d)
454 3298 516 3352 soP
538 3313 610 3367 quae
628 3296 656 3353 b.
676 3330 709 3340 -
730 3314 800 3365 quae
819 3297 837 3352 s.
857 3299 941 3367 uulyo

98 3477 126 3532 S.
146 3477 179 3535 L.
219 3474 416 3546 duespaliono
434 3476 472 3548 Al
520 3468 547 3530 '3
565 3473 718 3547 aquiliferi]
737 3473 887 3543 aquilifero
907 3475 933 3527 α’
990 3479 1102 3543 dproe-

81 3547 202 3620 peditis]
222 3546 393 3618 praeperiiii
407 3548 433 3601 α’
516 3546 613 3618 iiiiii1
703 3552 719 3600 8
739 3545 932 3615 contubernia]
953 3545 1102 3600 contuber-

82 3618 162 3674 niam
180 3623 211 3674 H
253 3618 401 3691 9teilere]
420 3618 541 3689 leiserio
585 3625 618 3673 1⁷
638 3616 826 3687 committere]
847 3615 1053 3673 committerere
1067 3615 1106 3668 M
