2552 4082
195 223 217 286 ρ
648 207 721 274 ‘us
740 220 762 272 1.

199 510 259 607 [In
287 510 390 582 omni
417 516 547 582 autem
573 508 718 602 proelio
740 528 818 580 non
840 513 921 578 tam
943 505 1147 580 multitudo
1172 511 1210 578 et

196 617 320 688 uirtus
347 617 500 689 indocta
526 638 641 708 quam
671 636 733 686 ars
766 619 806 686 et
836 612 1056 686 exercitium
1088 612 1210 686 solent

477 726 670 815 praestare
697 717 923 815 uictoriam]

286 902 309 960 Ι.
333 901 483 960 Romanos
502 917 604 958 omnes
624 901 730 974 gentas
749 899 812 958 sola
831 917 983 956 armorum
1002 899 1209 959 exercitatione
1267 942 1268 948 1

411 1007 527 1048 urclese.

269 1077 310 1136 II.
333 1078 379 1136 le
402 1077 510 1152 quibus
533 1075 704 1152 regionibus
728 1076 841 1136 tirones
864 1075 984 1152 legendi
1008 1076 1077 1136 sint.

256 1167 311 1226 ΙΠ.
335 1166 445 1226 Utrum
465 1185 500 1224 ex
519 1165 602 1242 angs
623 1183 661 1223 an
675 1184 710 1223 ex
724 1165 850 1223 urbibus
865 1164 1001 1223 utiliores
1016 1164 1077 1224 sint
1090 1165 1210 1224 tirones.

172 1268 185 1308 5
242 1254 313 1313 IIII.
338 1253 429 1314 Cuius
453 1255 561 1314 aetatis
584 1254 698 1313 tirones
720 1252 868 1329 probandi
890 1253 958 1312 sint.
1266 1253 1268 1258 ’

274 1343 311 1403 V.
335 1341 401 1413 Qua
424 1346 542 1402 statura
563 1342 695 1401 iuniores
717 1341 865 1417 probandi
887 1341 955 1402 sint.

257 1432 311 1493 VI.
333 1433 378 1490 Ex
397 1433 487 1491 uultu
505 1433 536 1490 et
553 1430 701 1506 positione
719 1431 850 1506 corporis
873 1429 996 1506 agnosci
1018 1430 1050 1489 iu
1075 1429 1210 1507 eligendo
1267 1432 1268 1486 3

413 1521 464 1597 qui
486 1521 626 1578 meliores
648 1518 767 1594 possint
789 1537 854 1578 esse
877 1518 999 1578 tirones.
1221 1572 1223 1582 .

244 1609 312 1666 VII.
337 1607 428 1668 Ouius
447 1608 521 1667 artis
540 1607 653 1668 tirones
672 1608 722 1666 uel
740 1607 871 1685 eligendi
889 1606 950 1668 sint
971 1608 1023 1684 uel
1044 1608 1210 1684 respuendi.
1262 1601 1263 1662 l

160 1711 187 1750 ro
230 1697 313 1756 VIII.
338 1696 463 1766 Quando
485 1697 599 1756 tirones
623 1695 763 1772 signandi
786 1697 853 1756 sint.
1260 1701 1268 1778 ,j

213 1784 311 1845 VIIII.
334 1784 384 1843 Ad
406 1787 534 1861 gradum
556 1785 719 1844 militarem
743 1789 773 1844 et
795 1803 916 1844 cursum
940 1787 970 1844 et
998 1785 1111 1845 saltum
1134 1804 1212 1845 exer·
1262 1795 1263 1808 ²

414 1875 522 1933 cendos
545 1874 667 1933 tirones.

275 1962 311 2020 X.
335 1961 383 2021 Ad
407 1981 495 2022 usum
517 1961 643 2020 natandi
665 1962 842 2021 exercendos
865 1961 988 2020 tirones

259 2051 313 2111 XI.
337 2049 593 2122 Quemadmodum
612 2051 649 2109 ad
669 2053 754 2110 scuta
770 2049 902 2108 uiminea
924 2050 975 2109 uel
997 2049 1037 2109 ad
1058 2051 1144 2126 palos
1165 2068 1211 2108 an·
1267 2068 1268 2100 l

161 2153 187 2193 15
414 2139 492 2215 tiqui
515 2139 694 2198 exercebant
716 2139 838 2198 tirones.

244 2228 312 2287 XII.
335 2229 404 2288 Non
426 2229 536 2288 caesim
560 2227 613 2286 sed
640 2227 774 2303 punctim
800 2227 890 2286 ferire
918 2226 1065 2286 docendos
1092 2227 1210 2286 tirones.
1267 2221 1268 2243 ³

229 2317 311 2376 XIII.
334 2315 530 2376 Armaturam
553 2317 699 2376 docendos
722 2317 844 2375 tirones.

213 2403 315 2463 XIIII.
339 2405 465 2464 Tirones
489 2405 665 2464 exercendos
689 2405 727 2463 ad
750 2403 909 2464 missibilia
932 2403 1074 2464 iacienda.

249 2491 313 2551 XV.
338 2491 465 2568 Sagittis
489 2493 651 2568 diIIgenter
673 2493 786 2553 tirones
809 2493 983 2552 inbuendos.
1037 2545 1045 2558 ,
1267 2559 1268 2572 ¹

162 2594 189 2633 ro
233 2578 314 2639 XVI.
337 2578 386 2638 Ad
408 2580 561 2640 iaciendos
584 2579 698 2656 lapides
722 2580 822 2641 fundis
846 2582 1024 2641 exercendos
1047 2580 1170 2640 tirones.
1267 2577 1268 2592 ¹

251 2667 344 2726 xvrr.
367 2668 413 2728 oe
436 2669 576 2729 excrucio
598 2669 833 2745 plumbatarum.
1267 2655 1268 2696 ⁷

273 2802 305 2856 In
329 2805 404 2856 omni
428 2833 461 2843 -
484 2802 632 2858 uictoriam
656 2834 688 2842 —
714 2802 803 2873 prelio
828 2833 861 2842 -
886 2801 962 2856 uires
989 2800 1129 2856 inerudite
1153 2801 1213 2872 (pro

201 2873 292 2926 uirtus
319 2872 444 2942 indocte)
468 2873 521 2927 ΠΟ
548 2875 597 2928 too
624 2874 695 2938 loco;
722 2875 803 2943 culco
832 2874 897 2928 leuco
924 2874 1005 2928 outa
1028 2873 1124 2941 primo
1152 2889 1173 2927 c.
1198 2875 1212 2924 1

202 2945 268 2997 libri
297 2943 319 2996 I
349 2946 493 3015 lecenter,-
529 2945 574 3015 [In
601 2975 636 2984 —
663 2944 742 3026 uict]
778 2944 896 3009 Gemoll;
937 2945 1062 3013 Meropa
1093 2943 1213 3011 aequent

201 3015 323 3082 comitum
340 3016 430 3069 indici
449 3017 631 3082 praemittent
653 3014 795 3084 Inciprunt
818 3014 943 3085 capitula
963 3013 1032 3069 libri
1049 3011 1134 3084 primi
1153 3013 1216 3068 A’P

201 3085 273 3139 Item
292 3084 370 3138 tituli
389 3083 455 3139 libri
474 3085 558 3154 primi
573 3087 604 3138 H
619 3085 697 3154 Incip
716 3085 795 3140 tituli
812 3084 879 3139 libri
891 3083 1010 3155 primid
1028 3085 1070 3140 ait
1088 3086 1142 3140 tale
1155 3083 1213 3152 ΜΩ

238 3160 252 3209 1
273 3153 527 3212 exercitatione}
548 3155 575 3209 Α
694 3163 709 3210 3
728 3155 842 3226 tyrones
861 3161 886 3211 et
907 3158 947 3212 er'c
969 3160 1123 3210 constanter
1146 3156 1214 3224 Αμπ

237 3225 300 3280 sunt
313 3245 354 3296 μπ
408 3225 537 3296 IluntQ
582 3226 719 3282 ttironel
728 3225 876 3297 probandi]
891 3228 911 3284 t.
927 3227 1068 3297 legendid
1110 3225 1173 3280 lunt
1186 3223 1212 3278 π’

239 3297 388 3366 'llegendo
403 3297 432 3349 π’
472 3295 613 3366 8pollunt
626 3296 654 3351 π’
700 3297 808 3352 tirones
818 3297 1020 3368 cognoscuntur
1034 3298 1085 3368 PQ
1134 3294 1213 3351 aeli-

202 3366 288 3439 gendi
304 3365 383 3438 [lint]
398 3368 444 3422 uel
457 3367 526 3436 resp.
538 3369 583 3422 aP
595 3367 719 3438 eligendi
732 3367 795 3422 lunt
808 3386 833 3422 u.
848 3386 871 3424 r.
881 3372 912 3423 Π
923 3367 1037 3438 legendi
1050 3367 1113 3423 sunt
1125 3386 1152 3423 u.
1164 3367 1214 3420 md

239 3443 272 3493 10
291 3438 318 3490 st
332 3440 363 3491 Π
402 3444 433 3492 11
448 3440 581 3508 gratriM
621 3445 653 3494 15
674 3440 858 3494 excercebant
871 3439 909 3493 M
947 3445 979 3494 17
999 3440 1151 3493 Armatura
1165 3437 1213 3506 Po

239 3513 273 3563 18
291 3507 405 3563 millilia
422 3509 470 3580 πρ
581 3509 699 3566 iacenda
718 3530 737 3580 μ
760 3509 890 3565 iacienda
907 3527 940 3565 ee
962 3509 1082 3565 iacenda
1100 3526 1169 3566 corr.
1189 3507 1215 3560 P

240 3585 272 3635 19
291 3580 459 3636 imbuendos
473 3585 504 3636 Π
574 3588 606 3636 21
626 3581 668 3636 De
688 3581 886 3636 exercitatione
905 3583 937 3635 Π
