2576 4080
212 239 276 304 134
605 239 665 295 nas.
686 239 747 309 1111,
765 245 790 294 s.
810 247 833 295 o.

210 388 335 450 uolubili
357 390 388 448 in
407 387 639 468 propugnaculis
658 388 845 468 digeruntur,
868 396 903 449 ut
922 387 1047 448 demissa
1065 405 1121 466 per
1140 405 1216 466 prae-

211 495 281 557 ceps
300 495 359 538 non
378 475 474 538 solum
492 475 596 538 hostes
615 476 744 538 obruant
762 476 926 538 subeuntes
945 476 1102 550 sedetiam
1117 475 1218 536 machi·

210 574 348 627 namenta
381 566 578 644 confringant.
627 565 721 628 Rotae
749 584 869 645 quoque
897 565 933 626 de
961 565 1049 644 lignis
1077 563 1218 624 uiridibus

210 656 433 733 ingentissimas
453 653 644 735 fabricantur,
666 653 714 714 uel
736 655 871 715 intercisi
886 673 921 714 ex
937 653 1128 714 ualidissimis
1142 651 1218 712 arbo-

182 743 294 805 sribus
318 742 453 824 cylindri,
477 761 549 822 quas
572 741 664 803 taleas
683 751 801 823 uocant,
823 751 858 803 ut
877 745 937 802 sint
955 741 1112 822 uolubiles,
1135 741 1217 801 laeui-

211 840 327 912 gantur,
351 849 427 911 quae
446 850 501 910 per
520 849 649 909 pronum
667 829 796 892 labentia
815 830 914 892 subito
933 833 1047 909 impetu
1065 829 1217 890 bellatores

210 920 307 980 solent
326 919 434 999 [equos
449 918 582 999 quoque]
599 920 760 981 deterrere.
788 919 902 981 Trabes
917 937 1036 998 quoque
1052 927 1082 980 et
1097 917 1218 979 tabulata

211 1008 259 1069 uel
287 1008 423 1069 diuersae
451 1008 663 1087 magnitudinis
693 1008 794 1069 clauos
821 1008 936 1068 serreos
961 1025 1026 1068 esse
1052 1013 1171 1087 oportet
1191 1007 1216 1065 in

210 1105 359 1175 promptu.
392 1095 465 1156 Nam
485 1095 722 1176 obpugnantium
740 1095 886 1157 machinis
905 1114 959 1175 per
978 1095 1050 1157 alias
1073 1094 1218 1156 machinas

170 1197 196 1238 10
212 1187 370 1246 consueuit
392 1184 506 1266 obsisti,
529 1188 689 1264 praecipue
714 1203 783 1246 cum
802 1184 909 1246 subitis
929 1183 1072 1264 operibus
1092 1183 1217 1245 addenda

210 1275 249 1334 sit
258 1274 408 1335 murisuel
419 1273 651 1354 propugnaculis
661 1273 795 1354 altitudo,
806 1291 843 1334 ns
851 1273 1095 1334 aduersariorum
1104 1271 1217 1333 mobiles

106 1371 419 1438 quassatamonurres
434 1365 675 1442 superemineant
690 1371 720 1423 et
735 1364 853 1441 capiant
867 1365 1028 1423 ciuitatem.
1051 1360 1141 1422 Vllll.
1154 1359 1217 1420 Ner·

105 1427 425 1515 sitiitsmlmuomm
445 1469 563 1532 quoque
584 1453 699 1531 copiam
722 1469 838 1512 summo
862 1451 961 1512 studio
981 1451 1103 1529 expedit
1122 1448 1217 1527 colligi,

211 1542 280 1619 quia
303 1543 406 1620 onagri
429 1540 479 1601 uel
501 1539 635 1601 ballistae
658 1547 817 1618 ceteraque
842 1547 989 1600 tormenta
1017 1540 1075 1599 nisi
1105 1537 1217 1599 lunibus

171 1641 197 1682 15
211 1629 348 1688 neruinis
370 1631 484 1689 intenta
508 1628 581 1688 nihiI
604 1636 740 1706 prosunt.
775 1627 930 1706 Equorum
948 1637 1048 1688 tamen
1067 1636 1166 1688 saetae
1187 1625 1216 1684 dc

211 1714 313 1776 caudis
337 1734 371 1777 ac
389 1715 469 1777 iubis
488 1716 524 1778 ad
543 1716 675 1778 ballistas
693 1716 783 1777 utiles
803 1715 992 1778 adseruntur.
1023 1715 1217 1776 Indubitatum

211 1822 285 1864 uero
308 1812 355 1864 est
377 1806 476 1865 crines
500 1807 677 1866 laminarum
701 1807 732 1866 in
752 1804 898 1866 eiusmodi
917 1805 1074 1866 tormentis
1096 1822 1154 1864 non
1172 1803 1216 1862 mi·

212 1925 425 1936 -.--·-—......

227 1992 262 2047 V.
273 1992 303 2047 L.
352 1998 365 2046 1
386 1991 550 2062 digeruntur
568 1993 597 2048 P
612 1993 772 2063 diriguntur
789 1993 819 2048 D
862 1991 978 2048 demissa
997 1993 1014 2046 t
1032 1988 1219 2047 dimill'nellP

282 2070 298 2119 2
319 2063 438 2136 [hostes]
458 2065 543 2134 uulgo
615 2065 771 2120 obruentur
794 2064 821 2117 V
890 2070 907 2118 3
926 2062 1123 2134 constringunt
1140 2066 1168 2118 Π

211 2140 229 2188 4
248 2135 320 2207 [uel]
340 2138 370 2190 H
439 2134 564 2191 intercisi
581 2154 602 2189 rr
620 2133 759 2192 intercisus
773 2134 861 2206 Meo
885 2133 1027 2190 intertelis
1042 2133 1138 2203 t-cel'rs
1151 2129 1218 2199 2)]’1

211 2204 355 2262 interseris
369 2207 397 2260 A
470 2213 485 2262 5
505 2205 625 2277 cylindri
644 2226 662 2260 oc
681 2204 794 2260 cilindri
812 2207 859 2260 dP
875 2204 1053 2260 chilindrist
1072 2205 1146 2275 cycli
1163 2206 1190 2257 Π

211 2277 317 2350 taleas]
335 2276 468 2348 galeata
527 2277 720 2348 laeuigantur]
740 2276 776 2332 eli
798 2280 881 2332 entur
899 2281 929 2330 H
987 2281 1002 2330 'l
1021 2276 1114 2330 solent
1133 2269 1220 2348 [equos

212 2349 334 2470 qnoque]
350 2348 492 2404 deterrere
501 2349 584 2420 Lanp
599 2348 689 2403 solent
702 2295 912 2416 equosquoquc
927 2347 1053 2402 deterere
1063 2349 1092 2400 α’
1112 2347 1130 2400 s
1145 2340 1220 2413 equos

212 2434 337 2488 quoqne
356 2419 533 2474 deterreres}
551 2419 571 2476 s.
591 2419 691 2488 eosque
711 2419 891 2473 deterreres]
908 2418 927 2474 s.
946 2418 1068 2486 quosque
1088 2419 1216 2474 deterrere

213 2489 328 2557 (datreri
346 2490 386 2557 D)
405 2492 422 2544 d
441 2489 459 2544 s
479 2489 618 2558 equosque
636 2490 777 2544 deterrere
795 2490 823 2543 P
839 2489 964 2544 sternunt
983 2488 1070 2559 equos
1082 2489 1112 2564 q'.
1132 2491 1216 2558 (puere-

211 2565 270 2613 tum
288 2564 313 2613 et
325 2559 337 2572 ⁸
357 2576 393 2615 er.
413 2577 432 2614 α
449 2565 482 2628 2)
500 2560 627 2615 deterere
646 2561 823 2631 (deterrent)
842 2561 869 2613 L
891 2559 1017 2614 sternunt
1035 2559 1127 2616 solent
1144 2551 1219 2625 equos

212 2681 323 2734 quoque
347 2665 457 2721 deterre
483 2657 622 2734 (cereum
637 2668 668 2736 2)
685 2667 708 2737 Q
727 2666 852 2722 sternunt
871 2665 1010 2734 equosque
1028 2664 1120 2720 solent
1138 2665 1216 2718 deter-

211 2751 272 2791 rere
290 2736 376 2808 amlpo
417 2736 558 2809 tabulatu]
577 2737 691 2792 tabulas
705 2736 734 2790 π’
776 2741 793 2790 8
826 2735 952 2808 oportet]
972 2739 1002 2790 Π
1044 2736 1063 2789 i.
1082 2735 1216 2806 promtus

283 2813 317 2862 10
336 2807 442 2879 obsisti]
462 2807 554 2863 obesse
573 2809 605 2861 Π
696 2807 759 2863 en.
860 2848 866 2861 .
913 2813 946 2862 13
966 2807 1140 2878 [quoque]d

213 2883 246 2932 15
265 2878 340 2934 setae
361 2878 416 2934 (ἔνι’
435 2879 487 2952 sitq
506 2899 526 2949 μ
544 2878 614 2934 sitae
633 2877 661 2933 A
679 2878 737 2933 seta
755 2895 789 2934 erc
806 2877 859 2934 site
877 2894 946 2934 corr.
968 2878 997 2930 P
1081 2883 1115 2933 16
1134 2870 1219 2932 caudis

142 3012 145 3016 ¹
212 2965 244 3003 ec
263 2948 351 3072 ibbff]
371 2952 510 3092 οὶὲοῐξ]
519 2947 639 3074 issbisff
693 2948 847 3006 asserentur
866 2952 897 3002 Π
948 2948 1170 3004 indubitantert

214 3025 246 3073 17
266 3023 307 3073 et
324 3021 387 3074 rr'e
421 3022 490 3091 sl.

231 3196 257 3250 S.
276 3194 306 3250 Il.
362 3194 555 3251 bleuicnntur
574 3197 612 3251 M
647 3196 821 3268 elabentis]
840 3195 968 3252 quentia
986 3198 1013 3250 α’
1052 3188 1218 3252 lbuueslll

265 3272 282 3322 8
302 3266 427 3323 diuersae
446 3265 666 3340 magnitudinis]
686 3266 811 3324 diuersas
826 3267 1037 3337 magnitudines
1052 3271 1084 3322 H
1116 3261 1215 3330 clauos]

211 3337 308 3395 claues
322 3338 350 3393 Α
404 3336 434 3391 in
451 3341 557 3413 ppmtu
576 3342 607 3392 Π
650 3339 910 3410 toppugiruntium
929 3358 948 3408 p
967 3337 1179 3408 oppugnandum
1192 3331 1218 3384 Π

284 3408 347 3463 Cer.
367 3407 454 3463 VIIII.
493 3414 527 3463 14
545 3410 665 3480 honagri
682 3410 719 3465 A·
790 3408 909 3466 balistae
929 3430 948 3479 μ
965 3409 1095 3466 ballistae
1114 3409 1142 3462 Π

212 3481 382 3592 coeperitque
401 3481 438 3550 A,
479 3486 511 3534 16
531 3496 564 3534 ac
582 3479 670 3552 iubis]
690 3479 802 3536 adiubis
812 3481 850 3552 A,
871 3479 983 3537 adiuuis
993 3480 1031 3535 M
1063 3473 1217 3536 ballillassl

214 3602 341 3674 (belistes
356 3603 392 3673 G)
410 3602 527 3659 balistas
541 3602 589 3673 Ap
