2604 4082
481 243 540 300 11.
560 244 607 310 111,
627 250 652 299 ⁵.
673 250 697 298 e.
1055 247 1097 313 75

86 389 166 452 ribus
184 385 359 470 adpeuduut
377 390 485 472 trabes,
505 391 614 471 quibus
634 391 790 472 aliquando
810 396 920 456 erectis
939 395 1096 476 aliquando

84 479 224 558 depositis
247 480 380 541 iudicant
404 498 479 560 quae
503 488 658 559 geruntur.
682 497 686 502 ·

167 566 212 628 vt.
238 567 295 638 Qui
314 587 378 630 rem
395 569 553 630 militarem
569 570 732 631 studiosius
747 570 924 650 didicerunt,
940 572 988 633 ad·
1016 611 1184 652 0m,‚.1..„.

83 664 182 717 serunt
200 656 288 736 plura
307 659 338 718 in
358 656 516 719 itineribus
536 677 625 737 quam
644 660 674 719 iu
689 660 754 738 ipsa
772 661 836 719 acie
854 659 988 739 pericula
995 657 1202 735 mmmm

83 743 173 804 solere
188 747 375 824 contingere,
398 746 472 807 Nam
486 749 517 808 iu
532 747 672 808 conllictu
688 749 793 808 armati
803 754 874 808 sunt
883 765 987 808 omnes
997 746 1087 778 ΜΝ
1098 747 1202 783 ⁰¹⁰²⁰¹²¹¹⁸·

82 842 108 892 et
120 833 239 894 bostem
255 836 422 895 comminus
434 834 539 896 uident
553 843 583 895 et
597 834 633 895 ad
648 836 839 914 pugnandum
855 837 953 896 auimo
969 839 1095 898 ueniunt

81 925 258 1003 praeparati,
282 924 313 983 in
329 924 436 983 itinere
457 925 555 984 minus
575 932 706 984 armatus
722 926 880 1002 minusque
895 923 1033 986 adtentus
1049 935 1094 987 est

81 1009 160 1070 miles
184 1018 216 1071 et
242 1021 444 1089 superueutus
468 1013 582 1091 impetu
602 1012 650 1072 uel
669 1012 773 1073 fraude
793 1012 949 1074 subsessae
969 1023 1093 1095 repente

82 1097 224 1160 turbatur.
271 1098 341 1160 ldeu
372 1102 452 1160 omni
480 1118 552 1161 cura
579 1102 721 1179 omnique
752 1100 903 1180 diligentia
932 1103 1093 1182 prouidere
1152 1120 1155 1126 ·

80 1185 133 1247 dux
156 1187 260 1267 debet,
285 1206 321 1248 ne
346 1189 538 1270 proficiscens
562 1191 692 1268 patiatur
711 1191 865 1250 incursum
884 1189 933 1251 uel
952 1191 1037 1252 facile
1057 1210 1091 1252 ac
1106 1207 1132 1246 1⁰

80 1277 137 1336 sine
165 1276 278 1336 damno
302 1275 427 1355 repellat
450 1277 582 1338 inlatum.
622 1276 756 1338 Primum
783 1279 936 1340 itineraria
959 1283 1093 1340 omniurn

80 1366 244 1447 regionum,
258 1367 289 1424 in
304 1364 413 1444 quibos
428 1365 539 1427 bellum
553 1367 678 1446 geritur,
692 1365 864 1444 plenissime
879 1364 969 1427 debet
982 1367 1092 1428 habere

79 1455 258 1533 perscripta,
286 1455 326 1514 ita
351 1461 384 1514 ut
406 1453 539 1515 locorum
563 1453 720 1515 interualla
744 1471 804 1514 uun
828 1453 925 1514 solum
950 1473 1092 1534 passuum

80 1558 199 1602 numero
226 1541 393 1603 sedetiam
422 1545 540 1604 uiarum
568 1541 709 1623 qualitate
736 1541 900 1623 perdiscat,
928 1544 1093 1622 conpendia

80 1628 262 1691 deuerticula
287 1639 402 1691 montes
424 1631 546 1693 flumina
570 1632 607 1692 ad
631 1630 717 1691 iidem
741 1631 891 1711 descripta
914 1631 1093 1712 consideret,
1108 1648 1133 1688 15

80 1735 169 1797 usque
194 1737 243 1798 eo,
268 1727 302 1779 ut
320 1718 504 1780 sollertiores
524 1719 615 1780 duces
634 1721 787 1781 itineraria
805 1722 1039 1802 prouinciarum,
1062 1725 1092 1783 in

80 1805 183 1883 quibus
201 1809 369 1868 necessitas
388 1807 557 1887 gerebatur,
576 1826 635 1869 non
655 1808 922 1870 tautum‘adnotata
937 1809 989 1870 sed
1005 1813 1094 1872 etiam

78 1896 151 1972 picta
179 1895 322 1956 habuisse
350 1897 522 1978 firmentur,
556 1904 590 1958 ut
617 1914 678 1957 nou
707 1896 802 1957 solum
831 1898 955 1958 oonsilio
985 1901 1093 1960 mentis

79 2000 180 2044 uerum
201 1991 326 2063 aspectu
340 1985 495 2046 oculorum
511 1987 590 2046 uiam
605 1985 796 2064 proiecturus
812 1984 944 2064 eligeret.
977 1986 1021 2047 Ad
1035 1987 1092 2047 boc
1120 2025 1122 2030 -

79 2088 93 2128 a
109 2073 358 2149 prudentioribus
378 2081 409 2134 et
426 2074 579 2134 honoratis
599 2093 632 2134 ao
651 2074 785 2134 locorum
809 2076 909 2153 gnaris
933 2077 1092 2154 separatim
1107 2090 1133 2129 ao

80 2157 162 2220 debet
186 2163 330 2222 uniuersa
353 2165 530 2241 perquirere
555 2169 585 2222 et
607 2164 765 2223 ueritatem
785 2160 923 2240 colligere
943 2162 980 2221 de
1000 2162 1093 2240 pluri·

80 2245 140 2329 bus,
164 2259 321 2327 praeterea
341 2249 412 2328 [sub
432 2251 566 2330 periculo
588 2247 770 2330 eligendum]
793 2251 909 2311 uiarum
924 2249 1016 2310 duces
1031 2250 1092 2311 ido·

94 2381 124 2434 V.
140 2385 172 2438 L.
213 2383 275 2438 011.
286 2383 332 2438 Vl.
370 2384 418 2440 ri.
432 2384 465 2439 it.
479 2386 574 2439 autem
588 2404 625 2440 m.
640 2386 725 2454 uulgo
761 2383 974 2454 stuperuentur
985 2385 1094 2454 impetu

81 2455 122 2507 uel
135 2453 235 2508 fraude
250 2454 383 2510 lablellue
399 2457 416 2509 d
434 2453 456 2523 s,
467 2454 485 2509 i.
500 2472 527 2512 u.
541 2455 638 2510 fraude
652 2459 698 2522 (eu
711 2451 814 2521 leudes,
831 2462 863 2510 ut
876 2457 995 2523 uidebar,
1010 2461 1092 2524 corr.)

80 2521 194 2580 subsella
203 2528 233 2578 Π
246 2524 429 2595 supernantur
438 2525 563 2593 impetus
573 2525 620 2580 uel
633 2525 747 2581 baudel'
758 2525 874 2580 subselle
885 2528 912 2580 α’
925 2525 1092 2596 superuentu

80 2593 198 2663 impetus
214 2596 263 2650 uel
280 2596 379 2651 fraude
394 2595 529 2652 sublestae
541 2597 567 2651 G
584 2597 797 2667 superueniente
810 2596 919 2666 impetu
932 2597 980 2652 nel
993 2598 1092 2653 fraude

82 2665 121 2736 [t]
140 2668 185 2721 tP
255 2673 271 2721 9
290 2668 356 2722 ideo
376 2669 409 2722 ed
427 2666 470 2721 De
490 2671 520 2721 Π
535 2668 655 2736 ideoque
676 2668 704 2721 P
770 2673 803 2722 14
822 2667 976 2736 qualitates
991 2669 1035 2723 εΡ
1051 2671 1092 2736 (iu

82 2736 132 2804 Qs
142 2739 305 2806 paullulum
322 2739 442 2793 dilutum
460 2740 505 2793 uel
523 2755 631 2794 erasum
649 2745 700 2805 est,
725 2739 763 2793 ud
781 2741 853 2808 quod
872 2740 930 2794 siue
948 2740 1033 2793 dubio
1051 2755 1092 2793 re-

80 2807 218 2870 fereadum
236 2815 274 2863 est
291 2809 402 2881 siguum
419 2809 574 2878 marginata
592 2811 620 2878 †)
676 2807 845 2880 conpendia]
864 2810 971 2879 syllaba
990 2825 1043 2863 con
1061 2811 1092 2863 iu

81 2877 132 2932 loco
150 2895 229 2933 eraso
246 2879 286 2934 M
303 2896 354 2949 per
373 2879 530 2948 conpendia
549 2885 564 2935 t
655 2886 689 2934 15
708 2879 883 2934 deuerticula
901 2879 962 2932 HV
978 2877 1092 2933 diuerbi-

81 2949 222 3003 oulaeDP
256 2949 449 3020 discriptapP
484 2956 516 3004 16
530 2951 615 3019 usque
630 2952 734 3006 adeod
768 2949 885 3020 itin.]i11
899 2949 1050 3005 etinercria
1065 2954 1094 3004 Π

128 3026 161 3074 17
177 3018 286 3090 geritur
299 3023 383 3092 uulgo
425 3027 458 3076 19
473 3023 583 3093 uerum]
594 3041 620 3076 u.
632 3023 719 3077 etiem
729 3024 759 3075 H
799 3019 977 3098 profecturus
983 3023 1016 3076 ed
1029 3038 1092 3091 pro-

80 3123 241 3192 reenrorn
257 3127 463 3195 proruamur
497 3133 532 3182 20
546 3127 727 3197 moercar
737 3099 1040 3198 gnaalurgnoranp

81 3199 111 3246 12
129 3196 193 3266 [sub
216 3195 342 3266 periculo
366 3197 540 3269 eligendum]
565 3199 649 3285 Larug
739 3197 901 3267 eligendum
920 3199 966 3252 1Π
975 3207 977 3214 ·
989 3197 1092 3268 eligen-

97 3317 120 3372 S.
138 3320 170 3373 L.
246 3328 258 3375 t
280 3321 443 3390 appendunt
462 3324 492 3375 H
560 3319 669 3390 trebel]
688 3319 820 3390 trauesp

146 3389 209 3448 Gar.
228 3393 274 3446 Vl.
312 3391 471 3446 3at'lerunt
490 3393 520 3444 Π
560 3393 584 3445 ‘a
603 3390 746 3462 condictu]
767 3390 897 3447 conflicto
916 3391 943 3444 α’
982 3396 1092 3445 61111-

82 3457 180 3530 minus]
204 3462 369 3517 commanus
385 3464 417 3515 11
499 3468 514 3516 '1
538 3461 712 3518 clientelli
783 3467 814 3515 11
840 3462 962 3530 dampno
983 3461 1010 3515 A

81 3527 186 3585 illatum
204 3535 234 3586 Π
305 3539 338 3587 13
357 3501 498 3604 paulluum]
516 3533 648 3603 parinum
666 3533 703 3603 A,
782 3537 815 3586 14
834 3532 1001 3602 compendia
1020 3535 1051 3585 Π

83 3606 112 3653 16
129 3603 330 3670 prouintiarum
349 3603 397 3674 Αμ
468 3609 502 3658 at
524 3603 619 3676 debet]
639 3602 719 3658 bibet
738 3603 776 3657 M
