2576 4080
206 226 272 290 104
587 227 648 286 nib.
667 229 715 298 111,
736 235 778 298 18,
799 235 840 285 19.

204 376 309 438 uident
331 384 435 438 contra
464 394 496 437 se
524 378 602 438 acies
632 378 770 438 ordinari.
817 376 894 438 Hinc
918 377 1035 439 additur
1057 379 1205 439 maximnn
1267 381 1273 446 };

205 465 406 546 commodum,
434 467 504 545 quia
528 474 561 527 tu
584 467 750 528 instructus
773 474 955 545 paratusque
978 467 1164 527 ordinantem
1180 473 1205 524 et
1267 460 1269 503 ¹

205 553 354 633 trepidum
369 554 575 616 aduersarium
589 573 799 634 praeoccupas.
832 555 906 616 Pars
920 557 999 616 enim
1015 557 1154 617 uictoriae
1167 559 1206 612 est
1272 579 1273 610 ς

204 643 359 703 inimicum
379 643 512 725 turbare,
538 653 695 722 antequam
714 643 851 724 dimices;
880 647 1012 724 exceptis
1031 644 1206 722 supementi·
1272 665 1273 702 3

176 730 261 792 snus
280 731 329 792 uel
348 731 571 794 incursionibus
595 734 760 812 repentinis
783 752 820 794 ex
842 735 1007 814 occasione,
1025 751 1112 812 quiam
1130 748 1206 790 num-
1272 767 1273 790 2

205 838 293 899 quem
309 821 368 881 dux
378 823 559 882 exercitatus
570 823 690 883 amittit:
705 840 773 882 nam
788 823 819 882 in
833 821 992 882 itineribus
1007 824 1066 882 iam
1081 820 1207 898 tatigatis,
1268 843 1273 912 p

203 911 235 968 in
258 908 415 970 fluminum
438 911 677 986 transgressione
697 910 812 987 diuisis,
830 912 861 971 in
880 909 1037 989 paludibus
1058 909 1208 987 occupatis,
1267 913 1273 976 t

203 999 235 1057 in
267 998 346 1076 iugis
373 999 519 1058 montium
547 997 764 1079 laborantibus,
790 1001 823 1072 in
852 1001 963 1078 campis
992 999 1102 1078 sparsis
1128 1004 1208 1076 atque
1269 1005 1270 1056 ἱ

205 1087 329 1162 securis,
343 1087 375 1146 in
384 1087 537 1147 mansione
553 1086 770 1149 dormientibus
785 1096 967 1166 oportunum
981 1087 1128 1166 proelium
1142 1103 1209 1146 sem·
1272 1113 1273 1149 r

164 1188 190 1228 m
205 1191 260 1252 per
273 1174 411 1254 insertur,
426 1193 494 1236 cum
509 1175 574 1236 aliis
588 1179 715 1254 negotiis
729 1185 893 1255 occupatus
907 1177 1004 1238 hostis
1014 1177 1101 1255 prius
1115 1175 1209 1235 interi·

204 1270 312 1341 matur,
326 1281 415 1342 quam
428 1282 606 1343 praeparare
622 1283 653 1325 se
669 1268 772 1344 possit.
805 1265 891 1336 Quod
904 1268 931 1326 si
944 1267 1023 1326 cauti
1038 1267 1100 1324 sint
1113 1263 1209 1323 aducr·
1272 1299 1273 1302 =

205 1353 277 1412 sarii
290 1359 321 1412 et
334 1352 510 1414 insidiarum
526 1352 606 1414 nulia
620 1353 660 1414 sit
673 1356 767 1435 copia,
782 1361 854 1415 tunc
871 1354 1030 1418 aduersum
1044 1361 1211 1430 praesentes
1272 1381 1273 1419 r

108 1477 185 1518 qm„
198 1480 291 1513 mi„
313 1441 584 1503 scientesuidentes
593 1459 685 1520 aequa
694 1442 869 1504 condicione
877 1450 1034 1522 pugnatur.
1043 1440 1209 1502 717111171-

97 1523 307 1603 seiciunt
315 1549 384 1591 men
398 1549 447 1590 ars
461 1529 531 1591 belli
546 1549 605 1591 non
620 1533 718 1592 minus
732 1533 764 1592 in
783 1532 840 1592 hoc
857 1540 959 1610 aperto
974 1531 1118 1592 conflictu
1132 1545 1211 1609 quam
1272 1559 1273 1566 .

98 1612 179 1646 Μ’·
312 1622 343 1678 in
357 1617 483 1679 occultis
498 1618 653 1680 fraudibus
672 1620 793 1682 adiuuat
807 1620 948 1682 eruditos.
982 1619 1156 1681 Cauendum
1170 1616 1211 1677 nel
1272 1649 1273 1658 .

202 1709 387 1786 marimens
402 1705 438 1768 ab
453 1706 497 1766 ala
512 1726 667 1787 cornuque
682 1711 814 1789 sinistro,
824 1709 902 1788 quod
918 1710 1036 1786 saepius
1047 1709 1158 1787 euenit,
1168 1713 1211 1766 sut
1272 1737 1273 1770 3

181 1803 285 1855 „certe
300 1795 415 1875 dextro,
435 1796 513 1874 quod
532 1797 603 1857 licet
621 1815 689 1857 raro
710 1799 864 1878 contingit,
884 1799 1161 1858 circumuenianmr
1173 1795 1212 1854 tui

203 1883 429 1944 amultitudine
448 1884 580 1946 hostium
599 1893 650 1946 aut
669 1886 878 1964 auagantibus
896 1885 1001 1967 globis,
1020 1903 1098 1964 quos
1117 1885 1211 1944 dicunt
1272 1918 1273 1923 κ

219 2072 253 2127 V.
269 2072 298 2129 L.
338 2073 525 2128 londinense
572 2073 703 2130 hichP
720 2073 835 2130 Foster
848 2073 915 2129 huic
929 2073 973 2128 sD
987 2074 1062 2128 hunc
1075 2077 1109 2128 Π
1143 2078 1210 2126 iex-
1272 2119 1273 2124 ,

202 2143 306 2216 ceptis]
327 2145 362 2199 ab
379 2146 429 2199 boc
447 2146 581 2200 uocabulo
599 2162 621 2200 c.
638 2143 781 2203 XVIIII
797 2147 938 2214 temptent
959 2145 989 2212 0,
1009 2146 1041 2199 ic
1060 2163 1073 2199 ε
1095 2140 1212 2212 exceptis
1272 2145 1273 2150 ’

202 2247 236 2255 -
259 2216 366 2270 amittit
388 2217 516 2272 rubricae
539 2217 669 2282 aduccs'm
692 2218 813 2272 mutauit
830 2217 929 2287 Lanp;
953 2216 1023 2288 [exc.
1043 2246 1077 2256 -
1099 2213 1210 2283 amittit]

201 2285 261 2342 Ser.
281 2288 313 2341 ic
331 2288 495 2356 quibusdam
518 2289 598 2342 libris
620 2289 713 2343 eodem
731 2289 907 2360 praecedenti
929 2288 1016 2356 capiti
1040 2287 1151 2342 edocenti
1168 2285 1209 2339 cd-

200 2373 291 2412 serens
369 2359 481 2428 onam]
506 2358 563 2412 iam
586 2358 727 2413 Schwebel.
751 2360 825 2427 quod
846 2359 969 2428 sequitur
990 2357 1047 2412 iem
1069 2360 1167 2413 omisso
1184 2371 1212 2408 ccc

201 2429 303 2493 codice,
323 2445 401 2496 quem
423 2430 492 2484 dicit
516 2429 707 2500 Guelpberbyi.
725 2429 754 2482 B
831 2428 923 2500 8[in]
948 2429 995 2483 aP
1063 2426 1212 2499 expersrss

274 2504 289 2552 9
309 2499 354 2551 Ab
378 2501 506 2567 oportun.
530 2518 572 2568 pr.
596 2502 668 2569 qood
691 2501 793 2570 incipit
814 2501 913 2568 sotium
931 2505 965 2555 41
989 2501 1047 2555 cod.
1065 2499 1094 2556 (τ’
1112 2517 1170 2555 cum
1186 2498 1213 2551 io

201 2569 312 2622 modum
325 2569 474 2623 abscissum
488 2575 536 2637 est,
554 2575 586 2624 ct
604 2587 691 2640 supra
708 2577 810 2640 quarta
824 2573 904 2638 infra
922 2572 974 2626 ccicc
991 2576 1069 2625 sexto
1089 2571 1213 2638 cuiusque

201 2655 299 2692 uersus
314 2655 382 2707 pars
399 2645 479 2694 restet
535 2646 568 2695 10
587 2643 739 2712 occupatur
756 2641 874 2697 hostess
893 2643 1066 2713 occupentur
1085 2640 1180 2697 hostes
1189 2640 1215 2692 Π

273 2709 471 2764 interimantur
488 2713 520 2764 Π
540 2709 790 2768 interminanture
814 2715 962 2768 intimetur
981 2713 1010 2766 P
1101 2719 1134 2766 11
1157 2708 1212 2781 pos-

201 2779 237 2834 fit
256 2781 302 2836 aP
321 2779 425 2851 possint
444 2784 475 2835 11
495 2781 604 2851 possent
624 2802 646 2838 ε.
710 2783 772 2838 sunt
791 2785 853 2840 εδΡ
927 2790 960 2838 12
979 2783 1114 2838 aduersus
1128 2803 1150 2836 π

202 2853 265 2907 cm.
284 2851 397 2908 xvim.
451 2859 484 2906 15
505 2853 576 2924 [uel]
596 2855 644 2908 oP
694 2861 727 2909 17
748 2855 839 2926 [licet]
859 2856 944 2924 culpo
996 2855 1072 2925 raro]
1091 2855 1173 2909 tarde
1189 2853 1214 2905 Π

274 2924 414 2993 contingit
432 2926 476 2978 Hi
495 2925 641 2994 continget
658 2945 678 2980 α
697 2926 844 2996 continget
862 2927 890 2980 P
906 2925 1027 2996 contigit
1044 2928 1063 2980 0
1119 2930 1151 2979 18
1170 2923 1215 2976 aut

202 3011 219 3048 a
237 2994 409 3064 uagantibus
424 2994 519 3063 globis
534 2996 581 3049 oP
597 3000 647 3051 aut
665 2998 700 3052 ab
718 2997 900 3052 hortantibus
913 2998 952 3067 gl.
967 3000 998 3051 H
1014 3013 1032 3052 e
1050 2991 1217 3066 negantibus

202 3067 272 3134 (uec.
288 3068 317 3135 μ)
338 3067 388 3119 eut
405 3066 525 3134 globiss

220 3242 247 3297 S.
266 3242 298 3296 L.
354 3242 507 3298 idemicis
521 3243 557 3298 A’
576 3243 690 3300 dimicis
705 3245 744 3300 M
800 3245 931 3317 bquem]
951 3262 1008 3315 quc
1026 3263 1045 3298 cc
1100 3241 1214 3300 Gemit-

199 3313 248 3384 tit]
267 3311 436 3369 Admittite
511 3320 527 3370 ‘i
546 3315 712 3386 paludibus]
735 3315 916 3386 pedulibusa
990 3322 1024 3370 13
1042 3312 1213 3383 condicione]

200 3385 361 3440 conditione
376 3385 572 3449 or(G=Par.
587 3389 715 3456 723011)
759 3387 821 3442 Car.
836 3386 951 3442 XVIHI.
997 3391 1030 3441 15
1045 3386 1211 3452 edinbctrtl

256 3461 289 3509 16
307 3457 344 3511 ab
358 3456 416 3527 ele]
438 3456 534 3512 cuein
548 3459 579 3510 H
623 3463 655 3511 17
666 3459 754 3529 certe]
770 3460 847 3512 certo
862 3458 901 3513 Μ
951 3453 1213 3524 circumuenientur]

200 3524 435 3581 circumuenictur
458 3546 477 3580 α
506 3527 544 3594 (G
563 3554 597 3573 =
619 3529 687 3583 Por.
711 3534 786 3586 7230
809 3530 849 3598 A)
876 3528 1097 3584 circumueniant
1118 3531 1145 3598 t)

198 3595 255 3667 tui]
274 3595 331 3651 tuti
349 3616 361 3651 ε
383 3597 422 3664 (θ
436 3623 469 3642 =
485 3597 554 3652 Par.
573 3603 650 3656 7230
667 3600 708 3669 Α)
