2576 4080
461 245 523 303 Lib.
541 245 589 312 111,
611 250 652 302 18.
998 244 1062 310 103

64 396 165 470 equites
194 401 225 454 et
253 393 368 472 pedites
396 397 427 454 in
454 402 539 472 parte
568 394 672 455 dextra
696 402 775 454 stare
799 397 965 456 consueuit.
1008 393 1063 454 Hic

65 481 130 542 enim
147 482 231 543 locus
250 491 303 563 est,
323 485 354 543 in
375 501 434 562 quo
454 490 516 544 tota
530 485 609 544 acies
624 482 821 563 gubernatur,
836 501 871 543 ex
887 502 946 563 quc
961 492 1063 545 rectus

63 577 102 628 est
121 569 252 650 liberque
279 589 452 650 procursus.
493 571 563 632 ideo
591 583 691 633 autem
718 574 798 632 inter
826 579 970 651 utrosque
994 591 1062 633 cen·

64 659 139 736 sistit,
156 667 189 720 ut
208 668 239 720 ct
257 661 381 720 consilio
400 678 505 739 regere
525 668 554 721 et
573 663 750 722 auctoritate
764 667 824 722 tam
840 663 956 739 equites
975 678 1063 739 quam

62 745 165 821 pedites
180 749 216 808 ad
237 767 367 827 pugnam
385 752 481 828 possit
498 749 621 810 hortari.
659 749 714 810 iiic
734 749 770 810 de
790 749 941 828 equitibus
960 761 1090 828 super-⁵

62 840 225 898 numerariis
248 839 350 898 mixtis
378 837 531 917 peditibus
557 838 704 916 expeditis
727 838 969 900 aduersariorum
992 839 1064 898 sini·

62 930 145 982 strum
168 943 307 1007 cornum,
332 929 384 1006 qui
407 936 511 988 contra
535 929 633 1006 ipsum
653 934 723 1006 stat,
747 929 906 988 circumire
926 926 1015 987 debet
1034 934 1064 987 et

62 1019 175 1092 atergo
204 1031 322 1093 semper
349 1034 488 1094 urguere.
539 1015 697 1076 Secundus
730 1016 789 1077 dux
817 1018 849 1076 in
876 1015 973 1077 media
1000 1017 1063 1076 acie

61 1103 168 1175 panitur
190 1104 339 1186 peditum,
364 1108 415 1183 qui
439 1123 503 1164 eam
523 1111 672 1165 sustentet
691 1111 722 1164 et
740 1105 847 1166 firmet.
888 1104 944 1166 Hic
964 1105 1063 1165 sortis·

61 1189 138 1250 simos
165 1192 283 1270 pedites
312 1201 342 1254 et
369 1192 445 1254 bene
475 1201 604 1254 armatos
631 1194 668 1254 de
693 1193 752 1254 inis
777 1194 937 1272 superfluis
960 1212 1064 1254 secum
1078 1205 1105 1245 1⁰

60 1275 154 1339 habere
174 1280 279 1358 debet,
298 1299 332 1342 ex
352 1282 461 1361 quibus
480 1289 532 1343 aut
550 1285 615 1360 ipse
635 1300 764 1342 cuneum
786 1282 874 1342 iaciat
888 1291 918 1343 ct
932 1283 1064 1344 hostium

61 1367 140 1426 aciem
158 1377 281 1447 rumpat
300 1377 362 1451 aut,
382 1373 409 1431 si
427 1370 592 1432 aduersarii
613 1388 742 1431 cuneum
761 1370 900 1450 iecerint,
919 1373 984 1448 ipse
1003 1373 1062 1431 for-

61 1453 132 1515 ficem
145 1457 250 1538 iaciat,
264 1466 411 1520 utcuneo
430 1459 474 1520 illi
488 1462 583 1538 possit
597 1477 766 1521 occurrere.
794 1457 827 1518 In
843 1460 964 1520 sinistra
978 1467 1063 1538 parte

61 1547 195 1606 exercitus
210 1549 322 1608 tertius
337 1565 401 1608 esse
416 1548 477 1610 dux
491 1548 588 1628 debet,
604 1551 676 1610 satis
690 1547 850 1610 bellicosus
865 1555 895 1608 et
909 1547 1063 1628 prouidus,

61 1635 117 1708 quia
143 1637 266 1696 sinistra
295 1654 364 1714 pars
393 1636 543 1698 difficilior
571 1646 616 1698 est
644 1644 674 1698 et
702 1636 786 1698 uelut
814 1655 917 1698 manea
944 1639 976 1697 in
999 1638 1062 1697 acie
1077 1647 1103 1688 1⁵

61 1723 191 1784 censistit.
234 1723 290 1785 Hic
315 1727 393 1786 circa
416 1744 449 1786 se
472 1726 567 1786 bonos
590 1729 707 1804 equites
733 1728 1010 1805 supernumerarios
1033 1733 1064 1786 et

61 1809 253 1873 uelocissimos
280 1814 396 1892 pedites
429 1815 539 1875 habere
570 1813 672 1895 debet,
700 1815 736 1876 dc
770 1814 879 1894 quibus
907 1817 1063 1876 sinistrum

61 1914 170 1960 cornum
194 1920 316 1980 semper
339 1903 491 1984 extendat,
518 1921 557 1964 nc
580 1905 835 1964 circumsepiatur
858 1904 894 1964 ab
918 1904 1063 1966 hostibus,

60 1983 162 2049 Clamor
189 1999 305 2071 autern,
333 2009 423 2070 quem
450 1991 595 2053 barritum
625 2000 746 2073 uocant,
775 1995 859 2070 prius
890 2011 950 2053 nen
975 1991 1064 2052 debet

60 2074 160 2158 adtolli,
180 2097 271 2158 quam
290 2082 369 2140 acics
388 2089 515 2160 utraque
535 2099 567 2141 se
586 2083 725 2142 iunxerit.
762 2081 963 2160 luperitcrum
983 2083 1104 2140 enimn

60 2162 100 2222 uel
120 2167 296 2244 ignauornm
320 2176 366 2228 est
388 2170 550 2230 uociferari
573 2169 609 2229 de
632 2170 732 2249 lenge,
756 2187 824 2229 cum
847 2169 949 2228 hostes
969 2170 1063 2247 magis

61 2258 230 2336 terreantur,
249 2259 275 2317 si
294 2275 363 2318 cum
381 2257 510 2318 telorum
529 2260 590 2318 ictu
611 2258 748 2318 clamoris
767 2257 875 2317 horror
894 2259 1063 2318 accesserit.

63 2336 171 2421 Semper
190 2351 291 2406 autem
310 2346 431 2407 studere
451 2345 554 2425 debes,
573 2354 609 2408 ut
625 2349 709 2426 prior
726 2348 857 2406 instruas
877 2347 979 2425 aciem,
995 2347 1063 2425 quia

62 2444 90 2486 er
111 2432 231 2494 arbitrio
255 2444 307 2494 tuo
331 2444 416 2513 potes
440 2435 538 2495 iacere
567 2435 646 2514 quod
670 2435 725 2496 tibi
748 2433 821 2495 utile
844 2433 971 2514 iudicas,
995 2453 1063 2496 cum

62 2517 146 2580 nulius
160 2522 294 2603 obsistit;
318 2522 424 2584 deinde
444 2531 474 2584 ct
492 2525 553 2584 tuis
572 2541 663 2602 auges
683 2524 892 2584 confidentiam
911 2530 941 2584 et
958 2523 1063 2584 aduer·
1077 2535 1103 2575 2⁵

62 2609 134 2668 seriis
157 2611 296 2672 fiduciam
320 2614 445 2693 minuis,
468 2614 537 2692 quia
561 2613 700 2673 fortiores
723 2613 866 2673 uidentur
886 2615 936 2692 qui
955 2631 1063 2692 prouo-

62 2710 117 2756 care
139 2718 199 2759 ncn
220 2699 365 2761 dubitant.
402 2701 519 2762 Inimici
538 2711 636 2762 autem
655 2703 804 2780 incipiunt
823 2701 992 2781 formidare,
1011 2704 1064 2781 qui

62 2779 262 2795 s*-

75 2802 102 2858 V.
111 2805 140 2860 L.
173 2807 237 2863 (iss.
248 2808 348 2864 XVIII.
387 2811 527 2865 tdextera
536 2810 603 2879 de
637 2810 893 2880 2[t0ta-quo]ss
930 2808 1063 2879 3[est]⁷r'

104 2875 240 2950 liberque]
258 2884 287 2935 et
305 2881 409 2936 liberd
445 2886 564 2949 utroque
579 2901 598 2934 α
617 2884 796 2949 utrumquei
836 2879 947 2934 emixti
961 2879 1063 2947 pediti·

62 2941 106 2998 bui
119 2951 241 3019 expediti
265 2951 361 3005 tunes
422 2957 437 3006 ‘1
458 2969 572 3007 cornum
592 2953 640 3020 qui
661 2954 689 3007 A
708 2969 794 3006 cornu
813 2950 862 3018 qui
881 2949 959 3019 GpH
976 2966 1063 3005 corun

62 3018 124 3080 quod
138 3021 184 3074 eP
227 3022 345 3077 circuire
360 3026 419 3076 eta
437 3023 457 3076 t.
473 3041 494 3079 s.
509 3041 536 3078 n.
551 3023 636 3077 debet
649 3024 733 3092 sculpo
779 3027 795 3076 8
809 3038 909 3090 urgere
923 3019 952 3074 π’
967 3038 1063 3091 perur-

62 3101 116 3152 gere
129 3091 157 3144 P
209 3098 224 3146 9
244 3092 377 3148 sustineat
391 3094 437 3147 dP
487 3099 520 3148 11
540 3095 584 3164 ex]
605 3095 639 3148 de
655 3096 740 3164 culpo
760 3094 806 3163 [ex
825 3091 928 3161 quibus
943 3093 1006 3166 e]u'c
1020 3093 1067 3148 eP

106 3159 191 3218 facist
204 3180 324 3218 cuneum
337 3168 368 3219 Π
413 3171 445 3218 12
465 3165 554 3220 aciem
568 3164 689 3220 hostium
704 3184 726 3218 π
767 3170 800 3218 18
819 3167 851 3217 ui
865 3167 894 3217 Π
907 3166 937 3218 et
951 3165 1013 3218 seP

62 3241 146 3286 tumeo
163 3235 197 3288 M
216 3252 314 3290 cumeo
328 3236 358 3290 D
410 3241 442 3290 16
461 3235 521 3307 hic]
539 3235 637 3290 ideot
687 3241 719 3289 18
739 3252 855 3290 cornum
869 3235 907 3289 M
922 3236 1007 3290 carmi
1026 3235 1062 3288 A’

63 3311 135 3356 ternu
152 3309 188 3358 iar
261 3313 294 3360 23
314 3306 393 3378 quia]
413 3306 507 3375 qniG

63 3371 261 3390 Ἢ

78 3395 106 3479 S.⁸
116 3400 145 3457 L.
196 3409 228 3458 12
248 3404 340 3458 efined
354 3407 385 3458 Π
432 3409 467 3459 20
486 3402 582 3458 attolli
603 3402 695 3458 GMH
741 3403 938 3473 inperitorum]
958 3401 1063 3512 inperi-

63 3466 152 3526 iermm
170 3476 196 3527 A
214 3475 411 3544 imperitorum
430 3478 459 3528 Π
517 3480 550 3529 21
570 3473 659 3529 hostii
673 3491 742 3530 cerr.
761 3477 794 3529 in
812 3474 906 3528 hostes
920 3480 951 3538 (a
966 3477 1016 3541 1.)
1035 3473 1064 3528 A

123 3548 154 3596 22
174 3561 251 3601 error
268 3546 305 3616 Al
364 3553 399 3601 23
418 3545 517 3617 debes]
537 3545 618 3600 debis
632 3546 668 3599 A'
722 3545 856 3616 instruas]
877 3544 1016 3600 instruens
1029 3543 1068 3597 M

122 3620 154 3668 25
172 3617 348 3674 aduersariiis
362 3617 401 3672 M
