2576 4080
203 216 266 281 136
544 215 606 272 Lib.
623 215 686 284 1111,
706 221 748 272 1o.
768 223 810 272 11.
831 222 871 272 12.

200 363 329 445 publicis
348 364 491 426 aedificiis
510 363 673 444 multisque
691 365 818 443 priuatis
836 367 984 427 cisternae
1003 374 1074 428 suut
1092 365 1206 446 diligen

200 455 316 514 tissime
335 453 562 534 substruendus,
581 461 614 514 ut
628 453 817 532 receptacula
831 456 916 533 equis
929 454 1120 536 pluuialibus,
1140 471 1209 534 quee

201 542 237 604 de
256 543 345 603 tentis
364 541 500 623 effluunt,
517 550 679 621 praestent.
709 541 835 603 Difficile
855 544 920 604 sitis
938 545 1022 625 uicit,
1041 544 1095 623 qui
1113 561 1206 623 quom·

200 633 248 693 uis
265 633 377 710 -exigua
396 649 472 710 equa
490 630 527 691 ad
545 638 649 710 potum
667 639 767 691 temen
786 639 902 692 tantum
919 633 951 692 in
969 632 1126 694 obsidione
1147 638 1207 692 sunt

93 740 113 775 o
130 721 364 780 „rnomtusi
408 718 458 780 111.
482 719 515 779 Si
537 720 684 781 maritime
707 719 748 778 sit
769 721 875 781 uiuitns
898 728 929 782 et
951 720 1028 781 soles
1056 721 1208 798 demerim,
1273 743 1274 748 ¹

199 808 298 888 liquor
326 826 363 869 ex
391 809 466 868 mori
493 815 631 886 sumptus
659 824 713 887 per
741 805 843 869 alueos
870 808 985 887 alioque
1014 808 1120 888 patula
1142 825 1208 869 uaso

199 896 391 977 diffunditur,
419 896 472 975 qui
499 895 598 956 colore
628 894 699 956 solis
728 894 855 958 duratur
882 899 913 957 in
938 897 1037 958 selem.
1080 896 1163 968 Quod
1185 897 1209 955 si

199 986 295 1047 hostis
309 985 345 1045 ob
360 984 439 1045 unda
453 983 619 1065 prohibeat,
636 1001 705 1044 nam
719 982 777 1045 hoo
791 985 908 1065 oceidit,
926 984 1062 1066 herenas,
1077 1003 1150 1066 ques
1164 1003 1208 1046 er-

199 1077 322 1135 eitntum
333 1081 424 1134 uento
434 1091 515 1133 mere
526 1072 745 1153 superinderot,
759 1071 916 1152 aliquando
932 1073 1077 1153 coliigunt
1090 1083 1119 1136 et
1134 1073 1210 1134 dulei

159 1176 186 1216 10
199 1180 275 1242 eque
294 1160 408 1243 eluunt,
427 1179 503 1240 quoe
523 1161 584 1222 sole
604 1162 714 1222 siccate
727 1159 923 1222 nihilominus
936 1164 1113 1224 mutatorio
1130 1161 1210 1222 soles.

103 1273 286 1328 noeoeane.
394 1248 457 1311 1111.
482 1248 616 1311 Violentn
637 1256 737 1310 autem
755 1251 928 1329 inpugnetio
948 1251 1066 1330 quondo
1085 1249 1211 1312 custodis
1275 1263 1276 1270 ¹

92 1326 211 1396 stiffi
223 1317 356 1400 tttuer
374 1336 547 1400 ciuitatibus
565 1346 770 1419 praeparetur,
789 1345 893 1400 mutuo
912 1341 1063 1418 utrimque
1079 1338 1212 1420 periculo

198 1428 251 1490 sed
270 1430 381 1489 maiore
396 1426 631 1508 obpugnantium
646 1428 790 1505 sanguine
805 1435 984 1510 exercentur
997 1427 1140 1490 luctuose
1152 1445 1210 1489 eer-

197 1518 316 1579 temina.
358 1515 404 1576 1111
427 1517 520 1597 enim,
544 1517 597 1594 qui
619 1533 722 1576 muros
745 1515 889 1576 inuadere
912 1518 1050 1598 eupiunt,
1081 1517 1212 1578 terrifico
1276 1559 1277 1566 .

157 1625 183 1666 1⁵
198 1614 341 1685 apparatu
368 1606 511 1684 expositis
540 1605 635 1684 eopiis
662 1606 695 1665 in
723 1621 807 1682 spem
835 1603 994 1665 deditionis
1023 1604 1210 1666 formidinem

197 1696 348 1772 geminent
375 1691 515 1754 tuberum
543 1693 672 1772 strepitu
700 1691 915 1771 hominumque
943 1695 1106 1776 permixt03
1135 1703 1210 1769 tuno,
1275 1739 1278 1762 .

198 1781 281 1862 [quia
304 1784 394 1844 timor
416 1783 510 1860 magn
532 1781 643 1861 frangit
660 1778 818 1862 insuetos]
842 1782 939 1859 primo
958 1783 1073 1861 impetu
1094 1792 1210 1862 stupen-
1277 1813 1278 1850 t

749 1899 796 1938 reo
1270 1896 1278 1938 7:

213 1954 249 2010 V.
262 1952 294 2008 L.
340 1957 356 2007 2
376 1951 573 2008 substruendas
592 1950 686 2005 nML
704 1949 891 2005 subtruendue
910 1950 934 2021 Q
952 1950 1160 2008 subtrahendae
1178 1951 1210 2006 A*

196 2022 403 2079 substituendae
423 2023 469 2078 eP
535 2020 632 2078 311111
647 2021 717 2078 uicit
734 2041 753 2075 α
777 2020 839 2075 sitis
857 2019 949 2076 uincit
971 2020 1050 2076 eost
1073 2022 1152 2078 enim
1171 2021 1215 2077 eos

194 2093 257 2150 litis
270 2094 360 2150 uineit
373 2094 405 2147 Π
419 2091 494 2149 enim
514 2093 562 2148 eos
577 2092 641 2161 quis
654 2091 725 2147 uieit
738 2092 785 2147 eP
798 2091 868 2147 Oud.
888 2091 962 2146 enim
980 2093 1071 2148 uincit
1089 2093 1154 2148 fitis
1169 2091 1213 2149 eos

194 2167 278 2235 nnlpo
315 2165 375 2236 qui]
389 2164 494 2234 quien
529 2164 693 2233 texiguum
706 2179 838 2232 equemr
874 2165 970 2216 temen
984 2165 1098 2218 tontum
1109 2163 1215 2220 uHVP

194 2239 291 2291 tumen
308 2237 363 2290 boe
381 2240 396 2290 t
414 2235 511 2290 temen
528 2235 558 2289 D
575 2236 688 2289 tentum
705 2236 790 2289 unlo
872 2233 933 2288 Cer.
955 2231 1001 2289 XI.
1039 2234 1151 2291 etates
1166 2235 1210 2289 de-

194 2305 365 2362 fuerintne
383 2305 448 2360 satir
463 2305 604 2361 defuerint
621 2305 650 2359 A
668 2303 734 2358 salis
748 2252 868 2358 seruere
887 2305 926 2358 M
942 2303 983 2360 sel
1001 2304 1128 2362 desuerit
1146 2311 1161 2360 t

195 2381 211 2432 6
231 2378 342 2446 elinque
358 2395 371 2432 s
390 2379 476 2446 etque
494 2377 553 2432 ulie
565 2375 595 2430 π’
614 2379 700 2444 utque
713 2375 742 2429 P
777 2375 860 2444 rqui
873 2393 894 2428 π
912 2375 1006 2444 quior
1026 2377 1076 2444 qui
1097 2375 1210 2448 enuiqo

248 2453 265 2502 8
283 2448 422 2504 hostes-
434 2447 605 2516 prohibeant
617 2450 647 2501 11
709 2445 826 2528 erudit]
845 2444 927 2515 seepe
946 2445 1074 2500 oooiditt
1132 2453 1149 2502 9
1168 2463 1211 2501 ex-

195 2519 314 2574 titutum
327 2519 413 2574 uento
424 2519 455 2571 Π
466 2519 589 2574 excitato
602 2519 688 2572 uento
701 2537 721 2570 α
734 2518 888 2571 exercitato
903 2519 988 2572 uento
1003 2519 1018 2570 t
1036 2517 1210 2588 exagitatum

194 2589 289 2644 uentis
304 2590 351 2644 eP
419 2589 585 2658 oolligontt
631 2594 664 2643 10
678 2587 788 2658 eluunt]
803 2585 982 2659 pfunduntP
991 2587 1159 2659 pfundantt

194 2658 266 2715 seles
272 2659 425 2715 GMHVP
437 2659 509 2715 iulet
522 2661 576 2725 (tto
588 2664 621 2715 nt
633 2661 692 2728 ipse
709 2659 856 2713 cenwine
868 2659 1010 2726 uideatur)
1019 2660 1047 2713 A
1061 2657 1150 2714 selem
1167 2659 1210 2713 tn

266 2729 329 2786 Ore.
348 2729 408 2784 XII.
447 2735 480 2786 12
499 2729 612 2800 utrique
629 2730 659 2783 π’
702 2735 735 2783 le
755 2730 972 2784 exerceantur&
1010 2735 1043 2783 14
1063 2729 1165 2801 [enim]
1184 2731 1213 2782 Π

267 2808 300 2857 lb
319 2801 348 2856 in
366 2801 456 2874 spem]
475 2801 534 2856 fine
553 2800 601 2872 spe
620 2799 669 2855 dP
740 2805 773 2854 16
791 2799 935 2870 tuberum]
954 2801 1103 2855 turbarum
1122 2803 1154 2854 Π

194 2872 407 2944 hominumque]
428 2871 628 2943 agminumque
643 2873 675 2925 11
720 2872 788 2924 tune
808 2870 875 2939 quin
893 2870 978 2924 timor
996 2869 1090 2940 magis
1104 2870 1211 2953 haupt

193 2943 316 2999 insuetos
331 2944 375 2999 εΡ
394 2950 415 2999 t.
434 2961 461 3026 q.
480 2945 501 2998 t.
524 2941 644 3012 maguus
663 2940 697 2996 fr.
721 2940 769 2996 ins.
790 2943 821 2994 Π
841 2943 908 2995 tune
927 2940 994 3009 quie
1011 2941 1098 2996 timor
1117 2942 1151 2997 eri
1169 2959 1209 2995 rn-

194 3014 289 3069 suetus
301 3014 327 3068 V
342 3015 411 3068 tune
428 3016 516 3068 hmor
529 3013 562 3069 eri
577 3011 639 3083 egit
656 3011 781 3067 insuetus
791 3011 821 3065 D
839 3014 906 3067 tune
924 3010 1004 3083 [quin
1021 3013 1109 3068 timor
1121 3009 1215 3082 mugit

192 3083 300 3155 frangit
317 3083 453 3156 insuetos]
472 3085 555 3156 Lamp

211 3225 238 3283 S.
257 3226 289 3280 t.
351 3225 414 3281 Ore.
433 3225 479 3280 XI.
517 3224 663 3296 delusos]
683 3225 782 3280 sibeos
797 3241 816 3278 oe
875 3223 1095 3296 tsuert'uderot]
1117 3223 1209 3295 inper-

192 3297 323 3353 funderet
340 3317 360 3351 α
436 3303 452 3352 9
472 3296 549 3353 dulei
566 3297 652 3367 equa]
673 3295 767 3350 duleis
785 3311 860 3363 eque
877 3298 908 3349 Π
925 3295 1017 3350 dultin
1035 3311 1110 3363 eque
1128 3299 1157 3350 A

194 3374 227 3425 10
245 3368 449 3424 nihilhominus
462 3387 482 3422 α

265 3437 327 3493 Gir.
347 3439 407 3493 XII.
446 3444 478 3492 11
497 3436 678 3509 impugnatio
698 3440 729 3492 Π
799 3442 832 3491 13
852 3435 1079 3506 oppugnantium
1097 3435 1164 3490 ΜΠ

192 3508 339 3579 sanguiue]
358 3508 559 3578 sunguinemp
632 3514 665 3562 14
683 3506 729 3562 illi
748 3507 803 3580 eu]
828 3506 880 3562 ille
898 3523 942 3564 en.
961 3507 999 3580 A,
1077 3511 1109 3562 15
1129 3504 1208 3562 dedi·

192 3577 316 3647 oionisp
390 3584 423 3633 te
441 3578 587 3649 strepitum
605 3580 634 3632 α’
