2576 4080
194 229 257 294 122
606 225 667 285 Lib.
686 224 735 294 ΙΙΙ,
754 232 797 283 26.

281 376 406 438 Difficile
433 377 567 438 uincitur
595 378 647 456 qui
674 394 747 436 uere
773 383 873 455 potest
896 375 932 436 de
956 377 1019 437 suis
1044 384 1075 437 et
1098 375 1135 436 de
1166 375 1219 436 ad-

194 468 320 528 uersarii
343 467 437 545 copiis
460 465 601 526 iudicare.

282 554 415 634 Amplius
438 556 523 614 iuuat
546 556 645 614 uirtus
668 570 756 632 quam
780 552 948 614 multitudo.

282 643 416 722 Amplius
439 643 562 722 prodest
584 642 668 703 locus
693 659 781 721 saepe
805 659 894 720 quam
918 645 1024 704 uirtus.

163 743 180 786 t
284 732 399 794 Paucos
417 735 500 792 uiros
519 731 613 792 sortes
632 739 737 792 natura
756 739 903 811 procreat,
923 731 1000 792 bona
1019 733 1219 794 institutione

194 823 296 902 plures
319 820 420 882 reddit
442 819 597 881 industria.

282 910 440 970 Exercitus
464 907 566 969 labore
589 909 715 989 proficit,
739 911 800 970 otio
824 911 1019 970 consenescit.

282 998 451 1076 Numquam
473 999 509 1058 ad
533 1007 684 1058 certamen
707 997 861 1077 publicum
880 998 1059 1077 produxeris
1077 997 1220 1079 militem,

195 1091 252 1150 nisi
276 1105 344 1148 cum
368 1105 437 1147 curn
461 1086 575 1147 uideris
599 1104 721 1165 sperare
744 1087 910 1150 uictoriam.

155 1189 181 1230 ro
285 1174 389 1238 Subita
413 1183 587 1236 conterrent
609 1174 720 1254 hostes,
743 1177 851 1236 usitata
874 1175 1026 1237 uiiiscunt.

284 1264 343 1335 Qui
366 1265 510 1345 dispersis
534 1266 596 1324 suis
615 1263 784 1324 inconsulte
804 1266 950 1346 sequitur,
973 1282 1061 1343 quam
1081 1267 1149 1345 ipse
1172 1285 1220 1326 ac·

196 1363 327 1435 ceperat,
351 1355 523 1416 aduersario
547 1352 613 1414 uult
636 1351 706 1412 dare
731 1354 897 1414 uictoriam.

285 1444 344 1515 Qui
362 1444 547 1504 trumentum
566 1443 793 1520 necessarieque
812 1459 872 1502 noo
891 1451 1058 1521 praeparat,
1078 1444 1221 1504 uincitur

81 1593 82 1597 ,
195 1536 259 1595 sine
283 1535 373 1595 ferro.

156 1632 182 1673 15
286 1621 345 1692 Qui
367 1619 558 1681 multitudine
582 1627 613 1680 et
635 1620 748 1680 uirtute
771 1618 936 1698 praecedit,
961 1619 1104 1698 quadrata
1128 1621 1221 1682 dimi·

196 1719 243 1772 cet
266 1712 374 1790 fronte,
398 1711 450 1788 qui
473 1711 587 1787 primus
611 1716 658 1769 est
680 1707 796 1769 modus.

285 1797 342 1868 Oui
365 1799 500 1877 inparem
523 1815 555 1857 se
578 1796 702 1877 iudicat,
727 1796 832 1858 dextro
856 1815 951 1858 cornu
974 1815 1029 1858 suo
1054 1799 1219 1860 sinistrum

196 1905 290 1948 cornu
314 1885 404 1965 pellat
425 1887 547 1965 inimici,
572 1887 623 1964 qui
647 1885 798 1946 secundus
821 1894 867 1945 est
890 1885 1006 1947 modus.

285 1975 343 2046 Qui
367 1977 517 2035 sinistram
537 1973 612 2034 alam
631 1974 824 2035 fortissimam
842 1973 953 2035 habere
973 1993 1006 2035 se
1024 1977 1120 2054 nouit,
1141 1977 1216 2038 dex-

153 2077 182 2118 20
196 2074 272 2127 tram
296 2064 371 2124 aiam
394 2061 488 2124 hostis
511 2062 641 2143 inuadat,
665 2065 718 2143 qni
741 2071 787 2124 est
809 2065 917 2124 tertius
936 2063 1051 2124 modus,

286 2154 343 2226 Qui
366 2150 456 2213 hahet
479 2153 742 2214 exercitatissimos
766 2151 885 2233 milites
908 2154 938 2212 in
963 2162 1093 2232 utroque
1117 2172 1221 2216 cornu

195 2246 308 2323 pariter
331 2242 478 2323 proelium
502 2240 591 2302 debet
618 2241 766 2321 incipere,
797 2242 850 2319 qui
878 2248 1003 2320 quartus
1026 2249 1073 2302 est
1097 2242 1219 2304 modus.

213 2380 247 2434 V.
266 2378 298 2435 L.
373 2377 534 2448 1[uere]t
606 2373 774 2430 aduersariis
789 2378 821 2428 Π
889 2375 1050 2431 eiudioore
1069 2377 1159 2432 HPD
1179 2378 1221 2433 in·

194 2451 290 2505 dicare
308 2454 323 2504 1
341 2448 488 2502 uindicare
506 2467 526 2500 α
544 2447 686 2501 umdicere
711 2446 737 2500 V
786 2452 804 2499 4
822 2465 864 2517 pr.
883 2446 947 2516 sepe
967 2447 1045 2503 loeus
1056 2450 1088 2502 Π
1104 2447 1125 2505 s.
1140 2449 1162 2504 l.
1179 2468 1220 2520 pr.

196 2522 280 2590 sculpo
317 2525 332 2573 5
348 2517 523 2574 institutione
538 2515 576 2586 pl.
591 2517 687 2572 reddit
699 2517 835 2572 industrio
849 2535 898 2572 es
913 2517 1051 2574 institutio
1066 2519 1105 2588 pl.
1121 2521 1222 2575 reddit

196 2589 348 2644 industrios
355 2606 377 2644 e.
388 2593 418 2644 H
430 2587 569 2668 institutio
579 2589 617 2657 pl.
627 2586 722 2642 reddit
736 2587 859 2713 [ind'de'
870 2590 889 2642 d
901 2587 1041 2645 institutio
1056 2589 1095 2659 pl.
1111 2591 1219 2646 reddit

196 2660 336 2716 Industria
353 2677 378 2715 e.
400 2660 428 2712 P
484 2658 572 2714 amsi
589 2675 653 2712 cum
671 2676 736 2714 eum
755 2661 801 2713 εΠ
826 2661 855 2714 Ρ
873 2659 928 2714 nisi
945 2677 1010 2715 cum
1028 2660 1059 2714 D
1076 2660 1133 2715 nifi
1153 2679 1221 2718 enm

197 2731 337 2788 Schwabel.
384 2730 506 2801 sperare]
525 2729 651 2798 spectare
666 2733 696 2783 Π
741 2736 774 2784 10
793 2729 932 2785 nitescunt
945 2734 982 2785 nt
1029 2738 1060 2785 11
1081 2731 1225 2802 dispersos

195 2803 260 2859 suos
273 2805 326 2874 1Ρῖ
401 2808 434 2857 12
454 2799 623 2857 aduersariis
636 2803 695 2863 (sed
712 2800 738 2854 is
752 2803 771 2856 i.
791 2803 808 2856 t.
828 2807 879 2870 er.)
897 2804 928 2855 H
988 2807 1022 2856 13
1040 2802 1221 2859 frumentum

195 2875 405 2944 necessarieque
424 2876 519 2944 (qnae
539 2874 578 2942 α’)
598 2873 649 2926 αΠ
669 2871 812 2927 frumenta
829 2871 1017 2928 neceiiariat
1040 2873 1220 2930 frumentum

195 2947 434 3014 necetTariumque
453 2947 641 3000 commeatum
660 2944 707 2997 dP
759 2948 792 2998 14
811 2942 897 3016 ferro]
915 2944 990 2998 ferro
1009 2946 1038 2998 et
1056 2943 1097 2998 est
1111 2945 1224 3014 primus

193 3016 314 3088 (primos
331 3018 378 3088 01)
396 3016 526 3071 modost
618 3021 650 3068 16
669 3013 791 3085 primns]
814 3014 951 3070 secundus
966 3015 1018 3085 tP,
1092 3021 1127 3070 1r
1150 3017 1221 3088 [Qui

195 3085 720 3228 tremescentem
738 3085 792 3211 s
876 3085 1004 3212 am
1022 3085 1220 3227 terrm

195 3237 231 3288 22
251 3229 420 3301 parmeno
491 3227 532 3282 eit
550 3229 641 3297 quart.
659 3228 744 3298 culpo
765 3195 773 3227 ¹

217 3356 243 3410 S.
263 3355 295 3410 L.
368 3351 484 3408 aiebat
502 3351 576 3422 Aln
627 3351 820 3424 8publicum]
840 3351 984 3422 puplicam
1004 3353 1035 3404 H
1087 3358 1123 3407 10
1141 3352 1219 3408 husi·

195 3428 260 3507 tota
278 3425 316 3480 M
386 3422 748 3505 1opraeparat1-antdp
821 3428 854 3478 11
871 3423 1089 3546 praeceditflret
1108 3424 1148 3495 A1

198 3504 231 3552 17
250 3511 387 3566 mperem
406 3497 437 3548 H
508 3500 541 3549 19
560 3493 698 3548 dimittam
716 3494 822 3549 malam
840 3496 869 3550 Α
947 3494 1013 3549 forts
1039 3495 1137 3566 imam]
1159 3495 1218 3549 for·

197 3601 302 3660 tissima
319 3601 356 3674 Α1
433 3587 559 3656 dextram
577 3600 682 3656 malam
701 3602 735 3664 A,
748 3600 846 3656 dextrd
865 3569 970 3656 delam
992 3599 1018 3655 G
