2552 4082
507 225 660 282 Praefatio.
1027 227 1094 285 XIII

83 383 198 452 tempore
227 379 285 436 0400
314 378 375 436 uiri
404 377 574 442 doctissimi,
605 379 656 450 qui
678 380 816 438 animiam
838 383 935 439 nostro
958 381 1093 454 scriptori

82 484 192 542 operam
222 469 387 532 nonerunt,
424 482 547 538 meorum
580 468 707 525 manime
738 485 822 540 opere
856 470 988 542 amlipas
1027 474 1092 528 uter

84 559 119 617 sii
138 557 363 629 inpurissimae
385 556 528 627 sapccior,
551 555 660 612 mirum
683 560 823 627 quantum
845 558 920 615 inter
937 574 967 616 se
985 559 1093 617 dissen-

81 647 157 704 tiuni.
193 643 274 702 Nam
292 640 329 700 A.
351 633 497 723 aanor)
520 645 662 701 nnnincm
679 659 785 718 ncpcre
801 659 890 717 posse
911 646 1022 704 iudicat
1040 646 1093 706 Vc-

79 735 181 807 petimn
207 749 281 805 puae
308 732 458 804 scripserit
484 732 627 791 cmmnocle
654 733 846 805 disposunsm
877 736 976 792 contm
998 734 1031 792 J.
1056 732 1092 793 (4.

81 812 232 900 Firster²)
262 837 322 878 non
349 821 501 878 nolucris
529 819 615 878 illurn
641 821 788 894 sauciatis
815 825 965 881 asseuerot
992 823 1092 894 fecisse,

80 912 127 984 904
148 926 223 982 puae
243 910 379 968 0000400004
400 910 463 981 ipse
479 925 591 981 parurn
613 909 784 982 intelleperet
804 927 856 968 nec
872 927 935 983 pur
958 914 1029 969 esset
1050 911 1093 969 di·

77 999 207 1072 panon
224 999 311 1057 rebus
328 998 361 1056 in
379 1013 443 1055 curn
457 1013 540 1068 quem
553 998 610 1056 noi·
622 1000 823 1070 proposuisset
840 1000 978 1058 ordinem.
1001 999 1093 1058 Nolis

79 1088 189 1160 9044000
215 1090 334 1158 uterque
360 1088 442 1145 entra
463 1085 581 1144 melsun
598 1086 720 1158 proclire
742 1087 874 1157 miletum
901 1103 994 1160 neque
1017 1089 1093 1146 enim

74 1192 196 1249 prorsus
229 1176 326 1233 munio
354 1175 434 1247 upucl
461 1172 609 1247 Vepetium
636 1176 779 1233 commode
805 1191 865 1234 esse
887 1177 1038 1250 disposita,
1061 1180 1095 1234 ut

79 1265 234 1324 secundum
254 1263 360 1322 librum
377 1279 436 1320 non
458 1279 517 1321 uno
534 1263 618 1321 illem
640 1264 755 1322 nonune
773 1264 926 1322 cosanum
948 1266 1093 1332 omittam,

77 1353 107 1411 44
127 1353 181 1412 4004
204 1353 363 1410 testimonio
386 1353 467 1410 sumt:
504 1368 534 1424 p.
556 1352 686 1426 44,14,·
711 1369 745 1424 p.
763 1353 834 1428 104,
856 1352 893 1422 4,·
919 1370 954 1426 p.
971 1354 1020 1425 16,
1043 1354 1093 1429 18,

76 1457 252 1514 praeoperari
286 1437 372 1514 dupli
411 1469 448 1479 -
488 1441 640 1514 pugnaret
671 1441 849 1499 enuntIatum
878 1441 972 1500 nescio
995 1458 1036 1499 on
1058 1442 1091 1500 li

76 1531 168 1588 bracii
189 1529 308 1588 incuria
330 1543 364 1586 en
387 1527 476 1586 c.XI
494 1529 553 1599 fine
576 1528 616 1587 ad
638 1543 660 1586 c.
677 1527 751 1586 XII
766 1529 855 1599 inem
877 1529 1004 1588 40404000
1021 1532 1095 1588 recte

76 1607 266 1694 mistimes⁸);
287 1633 320 1690 p.
346 1617 396 1690 97,
422 1617 458 1687 6,·
487 1619 514 1674 et
534 1617 668 1689 plurima
696 1617 871 1676 tolerabilem
900 1619 931 1676 in
957 1619 1093 1676 'melonem

76 1707 183 1765 diruis
206 1706 325 1780 (4490040,
346 1705 416 1763 ium
434 1707 460 1763 04
477 1705 665 1763 metricorum
687 1706 864 1765 traditonnn
882 1707 968 1778 quasi
987 1708 1092 1780 puber·

75 1795 215 1854 mallium
237 1795 348 1852 abicias
370 1789 419 1867 (cf.
438 1793 482 1851 II
499 1785 555 1872 18)
578 1796 605 1851 et
626 1793 672 1852 lic
693 1793 754 1852 illic
772 1794 820 1852 uel
842 1795 910 1854 leui
922 1797 1093 1858 correctione

77 1900 150 1955 quae
168 1883 359 1942 norinorum
380 1883 557 1955 neplepentia
575 1882 699 1954 confusa
716 1885 785 1941 sunt
802 1883 842 1941 od
859 1900 965 1942 soriam
983 1884 1095 1943 audeas

76 1973 204 2045 reiipere
227 1971 428 2036 ammonem,
450 1974 484 2028 ul
495 1987 528 2043 p.
543 1971 595 2042 49,
617 1971 656 2028 16
672 1988 713 2044 sq.
731 1973 957 2044 interpunctione
979 1975 1094 2030 mutata

74 2062 115 2118 sic
131 2061 217 2119 nobis
235 2060 328 2118 locum
344 2060 522 2118 constituisse
536 2059 679 2125 uiinnur,
699 2063 732 2118 ut
745 2055 1098 2132 cupimm15—18lJI

75 2151 278 2222 orpumentum
306 2165 399 2206 meum
420 2147 550 2220 lienique
572 2151 726 2220 appareat,
754 2149 813 2206 nisi
835 2148 910 2219 forte
937 2146 1093 2220 Vepetium,

75 2238 152 2308 queo
174 2237 280 2310 panus
302 2238 406 2309 quique
425 2236 530 2294 milites
548 2237 640 2294 armis
662 2237 786 2308 fuissent
802 2236 935 2293 instincti
959 2235 1096 2294 cclieccrit

73 2325 159 2398 ilaue
184 2326 347 2384 monimum
372 2327 490 2398 partem
521 2324 716 2390 secundariis,
748 2339 823 2395 quoe
853 2323 965 2390 elicient,
1006 2340 1094 2382 enum

75 2415 168 2480 lictis,
199 2431 220 2472 a
248 2413 379 2479 00004440,
407 2413 483 2485 puell
511 2413 567 2472 sili
590 2411 803 2486 proposuisset,
825 2415 870 2479 ut,
898 2412 1022 2485 qualiter
1051 2415 1094 2472 in·

74 2503 217 2562 struendo
240 2506 310 2562 esset
331 2503 421 2568 ecies,
445 2501 605 2560 declararet
626 2502 715 2560 unius
737 2496 859 2574 lepionis
881 2501 1021 2575 enenrplo,
1045 2503 1093 2560 ab·

75 2607 190 2651 errasse
221 2594 247 2649 ct
276 2591 433 2650 declinasse
461 2581 664 2670 iudicamus4).
701 2589 785 2648 Illuol
813 2607 923 2663 quoque
949 2595 991 2650 est
1019 2591 1095 2663 9004

75 2696 261 2746 manuus,
283 2680 421 2752 prolopos
443 2695 463 2736 0
491 2677 604 2752 7090440
630 2679 727 2750 utiquc
750 2679 907 2752 elepanlius
934 2695 995 2738 esse
1022 2695 1095 2736 corn-

70 2770 184 2840 positos
212 2785 300 2841 qnam
327 2771 360 2826 ut
376 2769 563 2840 praecinente
585 2766 736 2826 Focrstero
765 2767 896 2826 munaum
917 2769 1009 2826 mente
1031 2783 1096 2824 cum

73 2873 202 2928 prorsus
225 2857 391 2915 destitutum
408 2856 498 2929 fuisse
517 2856 702 2914 clamiteums.
734 2856 842 2916 Verum
860 2855 937 2914 enirn
958 2870 1027 2914 uero
1045 2854 1097 2914 loc

149 3097 177 3166 1)
197 3095 440 3163 „Exercitationes
463 3093 655 3164 chetianae.“
681 3093 796 3149 Hermes
819 3092 867 3148 VI
884 3094 978 3164 (1871)
995 3113 1023 3164 p.
1043 3098 1095 3148 113

77 3171 181 3306 ‘¹¹35
197 3237 261 3305 ,pe
278 3237 331 3304 nu
345 3236 450 3292 neuen
463 3235 567 3306 rupea
580 3234 711 3291 neuun.
729 3235 806 3290 oris.
819 3237 916 3308 04009.
930 3235 1095 3290 annuas.

77 3306 252 3450 BmggeIlr?
254 3314 400 3435 71944004004
418 3378 527 3445 Mami,
545 3379 618 3448 9000
635 3378 686 3444 ,alc
698 3377 846 3446 procinctu
863 3376 1005 3432 Rornanae
1015 3376 1097 3431 Mili·

78 3449 153 3504 liae“
177 3451 354 3517 inscm'bitur,
372 3467 406 3506 ecc
429 3449 537 3520 Vepetio
556 3454 679 3518 exempto
698 3448 744 3518 (cf.
760 3465 789 3518 p.
810 3447 980 3518 XXVIIII)
998 3448 1098 3502 ultima

79 3533 100 3570 c.
121 3521 178 3574 XI
192 3523 278 3576 uerba
295 3521 400 3577 ultimis
419 3537 441 3576 c.
462 3521 538 3574 XII
553 3521 738 3590 accipiuntur.

150 3593 181 3660 4)
201 3593 236 3661 cf.
257 3591 379 3650 Firster.
399 3594 416 3648 l.
436 3594 454 3648 l.
469 3608 500 3662 p.
519 3595 564 3649 25.
