<?xml version="1.0" encoding="UTF-8"?>
<!DOCTYPE html PUBLIC "-//W3C//DTD XHTML 1.0 Transitional//EN"
    "http://www.w3.org/TR/xhtml1/DTD/xhtml1-transitional.dtd">
<html xmlns="http://www.w3.org/1999/xhtml" xml:lang="en" lang="en">
 <head>
  <title>
</title>
<meta http-equiv="Content-Type" content="text/html;charset=utf-8" />
  <meta name='ocr-system' content='tesseract 3.04.00' />
  <meta name='ocr-capabilities' content='ocr_page ocr_carea ocr_par ocr_line ocrx_word'/>
</head>
<body>
  <div class='ocr_page' id='page_1' title='image "./epitomareimilit00renagoog_0060.png"; bbox 0 0 2552 4082; ppageno 0'>
   <div class='ocr_carea' id='block_1_1' title="bbox 63 882 1087 1075">
    <p class='ocr_par' dir='ltr' id='par_1_1' title="bbox 63 882 1087 1075">
     <span class='ocr_line' id='line_1_1' title="bbox 114 882 1030 952; baseline 0.003 -5"><span class='ocrx_word' id='word_1_1' title='bbox 114 883 261 948; x_wconf 81' lang='lat' dir='ltr'><strong>uLAvl</strong></span> <span class='ocrx_word' id='word_1_2' title='bbox 285 882 455 948; x_wconf 79' lang='lat' dir='ltr'><strong>vucuul</strong></span> <span class='ocrx_word' id='word_1_3' title='bbox 478 883 649 948; x_wconf 82' lang='lat' dir='ltr'><strong>RENATI</strong></span> <span class='ocrx_word' id='word_1_4' title='bbox 673 883 770 950; x_wconf 85' lang='lat' dir='ltr'><strong>VIRI</strong></span> <span class='ocrx_word' id='word_1_5' title='bbox 792 883 1030 952; x_wconf 79' lang='lat' dir='ltr'><strong>INLUSTRIS</strong></span> 
     </span>
     <span class='ocr_line' id='line_1_2' title="bbox 63 1006 1087 1075; baseline 0.002 -2"><span class='ocrx_word' id='word_1_6' title='bbox 63 1006 252 1073; x_wconf 78' lang='lat' dir='ltr'>OOMITIS</span> <span class='ocrx_word' id='word_1_7' title='bbox 277 1006 477 1073; x_wconf 82' lang='grc' dir='ltr'><strong>ΕΡΙΤΟΜΑ</strong></span> <span class='ocrx_word' id='word_1_8' title='bbox 502 1007 580 1072; x_wconf 81' lang='lat' dir='ltr'><strong>REI</strong></span> <span class='ocrx_word' id='word_1_9' title='bbox 603 1006 834 1073; x_wconf 82' lang='lat' dir='ltr'>MILITARIS</span> <span class='ocrx_word' id='word_1_10' title='bbox 861 1008 985 1074; x_wconf 87' lang='lat' dir='ltr'><strong>LIBRI</strong></span> <span class='ocrx_word' id='word_1_11' title='bbox 1008 1009 1087 1075; x_wconf 89' lang='lat' dir='ltr'><strong>IIII.</strong></span> 
     </span>
    </p>
   </div>
   <div class='ocr_carea' id='block_1_2' title="bbox 528 1169 635 1177">
    <p class='ocr_par' dir='ltr' id='par_1_2' title="bbox 528 1169 635 1177">
     <span class='ocr_line' id='line_1_3' title="bbox 528 1169 635 1177; baseline -0.009 0"><span class='ocrx_word' id='word_1_12' title='bbox 528 1169 635 1177; x_wconf 80' lang='lat'><strong>———</strong></span> 
     </span>
    </p>
   </div>
   <div class='ocr_carea' id='block_1_3' title="bbox 61 1293 1115 1730">
    <p class='ocr_par' dir='ltr' id='par_1_3' title="bbox 61 1293 1115 1730">
     <span class='ocr_line' id='line_1_4' title="bbox 154 1293 1087 1376; baseline 0.003 -20"><span class='ocrx_word' id='word_1_13' title='bbox 154 1296 280 1356; x_wconf 86' lang='lat' dir='ltr'><strong>Primus</strong></span> <span class='ocrx_word' id='word_1_14' title='bbox 303 1293 379 1353; x_wconf 84' lang='lat' dir='ltr'><strong>liber</strong></span> <span class='ocrx_word' id='word_1_15' title='bbox 402 1293 577 1356; x_wconf 79' lang='lat' dir='ltr'>electionem</span> <span class='ocrx_word' id='word_1_16' title='bbox 602 1295 707 1356; x_wconf 80' lang='lat' dir='ltr'><strong>edocet</strong></span> <span class='ocrx_word' id='word_1_17' title='bbox 730 1296 895 1376; x_wconf 87' lang='lat' dir='ltr'><strong>iuniorum,</strong></span> <span class='ocrx_word' id='word_1_18' title='bbox 919 1315 955 1356; x_wconf 83' lang='lat' dir='ltr'><strong>ex</strong></span> <span class='ocrx_word' id='word_1_19' title='bbox 978 1298 1087 1376; x_wconf 89' lang='lat' dir='ltr'><strong>quibus</strong></span> 
     </span>
     <span class='ocr_line' id='line_1_5' title="bbox 61 1381 1087 1463; baseline 0.003 -19"><span class='ocrx_word' id='word_1_20' title='bbox 61 1385 136 1446; x_wconf 90' lang='lat' dir='ltr'><strong>locis</strong></span> <span class='ocrx_word' id='word_1_21' title='bbox 166 1383 221 1444; x_wconf 89' lang='lat' dir='ltr'><strong>uei</strong></span> <span class='ocrx_word' id='word_1_22' title='bbox 249 1381 352 1462; x_wconf 82' lang='lat' dir='ltr'><strong>quates</strong></span> <span class='ocrx_word' id='word_1_23' title='bbox 380 1383 489 1444; x_wconf 80' lang='lat' dir='ltr'><strong>milites</strong></span> <span class='ocrx_word' id='word_1_24' title='bbox 516 1383 663 1462; x_wconf 82' lang='lat' dir='ltr'><strong>probandi</strong></span> <span class='ocrx_word' id='word_1_25' title='bbox 691 1386 752 1444; x_wconf 92' lang='lat' dir='ltr'><strong>sint</strong></span> <span class='ocrx_word' id='word_1_26' title='bbox 779 1393 830 1443; x_wconf 76' lang='lat' dir='ltr'><strong>etit</strong></span> <span class='ocrx_word' id='word_1_27' title='bbox 858 1385 966 1463; x_wconf 89' lang='lat' dir='ltr'><strong>quibus</strong></span> <span class='ocrx_word' id='word_1_28' title='bbox 992 1405 1087 1448; x_wconf 85' lang='lat' dir='ltr'><strong>armo·</strong></span> 
     </span>
     <span class='ocr_line' id='line_1_6' title="bbox 63 1471 1086 1534; baseline 0.001 -1"><span class='ocrx_word' id='word_1_29' title='bbox 63 1492 130 1534; x_wconf 86' lang='lat' dir='ltr'><strong>rum</strong></span> <span class='ocrx_word' id='word_1_30' title='bbox 157 1473 313 1533; x_wconf 81' lang='lat' dir='ltr'><strong>exercitiis</strong></span> <span class='ocrx_word' id='word_1_31' title='bbox 336 1471 497 1532; x_wconf 90' lang='lat' dir='ltr'><strong>imbuendi.</strong></span> <span class='ocrx_word' id='word_1_32' title='bbox 545 1471 701 1533; x_wconf 88' lang='lat' dir='ltr'><strong>Secundus</strong></span> <span class='ocrx_word' id='word_1_33' title='bbox 728 1471 804 1532; x_wconf 86' lang='lat' dir='ltr'><strong>liber</strong></span> <span class='ocrx_word' id='word_1_34' title='bbox 830 1475 942 1534; x_wconf 86' lang='lat' dir='ltr'><strong>ueteris</strong></span> <span class='ocrx_word' id='word_1_35' title='bbox 965 1474 1086 1534; x_wconf 83' lang='lat' dir='ltr'><strong>militiae</strong></span> 
     </span>
     <span class='ocr_line' id='line_1_7' title="bbox 63 1561 1087 1641; baseline 0 -18"><span class='ocrx_word' id='word_1_36' title='bbox 63 1564 205 1623; x_wconf 88' lang='lat' dir='ltr'><strong>continet</strong></span> <span class='ocrx_word' id='word_1_37' title='bbox 232 1578 359 1639; x_wconf 87' lang='lat' dir='ltr'><strong>morem,</strong></span> <span class='ocrx_word' id='word_1_38' title='bbox 392 1561 428 1620; x_wconf 87' lang='lat' dir='ltr'><strong>ad</strong></span> <span class='ocrx_word' id='word_1_39' title='bbox 456 1579 545 1639; x_wconf 88' lang='lat' dir='ltr'><strong>quem</strong></span> <span class='ocrx_word' id='word_1_40' title='bbox 572 1561 720 1640; x_wconf 85' lang='lat' dir='ltr'><strong>pedestris</strong></span> <span class='ocrx_word' id='word_1_41' title='bbox 748 1563 864 1622; x_wconf 89' lang='lat' dir='ltr'><strong>institui</strong></span> <span class='ocrx_word' id='word_1_42' title='bbox 886 1564 982 1641; x_wconf 92' lang='lat' dir='ltr'><strong>possit</strong></span> <span class='ocrx_word' id='word_1_43' title='bbox 1005 1580 1087 1624; x_wconf 85' lang='lat' dir='ltr'><strong>exer-</strong></span> 
     </span>
     <span class='ocr_line' id='line_1_8' title="bbox 63 1648 1115 1730; baseline 0.003 -20"><span class='ocrx_word' id='word_1_44' title='bbox 63 1652 152 1712; x_wconf 83' lang='lat' dir='ltr'><strong>citus.</strong></span> <span class='ocrx_word' id='word_1_45' title='bbox 205 1649 325 1711; x_wconf 84' lang='lat' dir='ltr'><strong>Tertius</strong></span> <span class='ocrx_word' id='word_1_46' title='bbox 344 1648 424 1725; x_wconf 16' lang='lat' dir='ltr'><strong>&#39;liber</strong></span> <span class='ocrx_word' id='word_1_47' title='bbox 447 1652 546 1709; x_wconf 84' lang='lat' dir='ltr'><strong>omnia</strong></span> <span class='ocrx_word' id='word_1_48' title='bbox 569 1653 678 1711; x_wconf 85' lang='lat' dir='ltr'><strong>ortium</strong></span> <span class='ocrx_word' id='word_1_49' title='bbox 702 1667 824 1729; x_wconf 82' lang='lat' dir='ltr'><strong>genera,</strong></span> <span class='ocrx_word' id='word_1_50' title='bbox 852 1669 927 1730; x_wconf 86' lang='lat' dir='ltr'><strong>quae</strong></span> <span class='ocrx_word' id='word_1_51' title='bbox 951 1654 1115 1713; x_wconf 81' lang='lat' dir='ltr'><strong>terrestri⁵</strong></span> 
     </span>
    </p>
   </div>
   <div class='ocr_carea' id='block_1_4' title="bbox 63 1737 1089 2065">
    <p class='ocr_par' dir='ltr' id='par_1_4' title="bbox 63 1737 1089 2065">
     <span class='ocr_line' id='line_1_9' title="bbox 64 1737 1088 1819; baseline 0.002 -21"><span class='ocrx_word' id='word_1_52' title='bbox 64 1739 185 1818; x_wconf 85' lang='lat' dir='ltr'><strong>proelio</strong></span> <span class='ocrx_word' id='word_1_53' title='bbox 213 1739 382 1798; x_wconf 85' lang='lat' dir='ltr'><strong>necessaria</strong></span> <span class='ocrx_word' id='word_1_54' title='bbox 409 1737 565 1819; x_wconf 85' lang='lat' dir='ltr'><strong>uidentur,</strong></span> <span class='ocrx_word' id='word_1_55' title='bbox 593 1740 722 1816; x_wconf 85' lang='lat' dir='ltr'><strong>exponit.</strong></span> <span class='ocrx_word' id='word_1_56' title='bbox 769 1737 900 1809; x_wconf 84' lang='lat' dir='ltr'><strong>Quartus</strong></span> <span class='ocrx_word' id='word_1_57' title='bbox 923 1739 999 1800; x_wconf 86' lang='lat' dir='ltr'><strong>liber</strong></span> <span class='ocrx_word' id='word_1_58' title='bbox 1021 1743 1088 1802; x_wconf 91' lang='lat' dir='ltr'><strong>uni·</strong></span> 
     </span>
     <span class='ocr_line' id='line_1_10' title="bbox 63 1826 1089 1908; baseline 0.003 -20"><span class='ocrx_word' id='word_1_59' title='bbox 63 1847 173 1888; x_wconf 86' lang='lat' dir='ltr'><strong>uersos</strong></span> <span class='ocrx_word' id='word_1_60' title='bbox 209 1826 373 1908; x_wconf 63' lang='lat' dir='ltr'><strong>machinae,</strong></span> <span class='ocrx_word' id='word_1_61' title='bbox 406 1827 515 1906; x_wconf 90' lang='lat' dir='ltr'><strong>quibus</strong></span> <span class='ocrx_word' id='word_1_62' title='bbox 547 1826 597 1887; x_wconf 93' lang='lat' dir='ltr'><strong>uel</strong></span> <span class='ocrx_word' id='word_1_63' title='bbox 629 1826 838 1906; x_wconf 82' lang='lat' dir='ltr'><strong>obpugnantur</strong></span> <span class='ocrx_word' id='word_1_64' title='bbox 871 1830 1007 1890; x_wconf 80' lang='lat' dir='ltr'><strong>ciuitates</strong></span> <span class='ocrx_word' id='word_1_65' title='bbox 1039 1831 1089 1891; x_wconf 91' lang='lat' dir='ltr'><strong>uel</strong></span> 
     </span>
     <span class='ocr_line' id='line_1_11' title="bbox 65 1914 1089 1996; baseline 0.002 -19"><span class='ocrx_word' id='word_1_66' title='bbox 65 1915 289 1996; x_wconf 80' lang='lat' dir='ltr'><strong>defenduntur,</strong></span> <span class='ocrx_word' id='word_1_67' title='bbox 327 1924 494 1996; x_wconf 82' lang='lat' dir='ltr'><strong>enumerat3</strong></span> <span class='ocrx_word' id='word_1_68' title='bbox 531 1914 645 1975; x_wconf 83' lang='lat' dir='ltr'><strong>naualis</strong></span> <span class='ocrx_word' id='word_1_69' title='bbox 678 1933 796 1995; x_wconf 89' lang='lat' dir='ltr'><strong>quoque</strong></span> <span class='ocrx_word' id='word_1_70' title='bbox 829 1916 898 1977; x_wconf 88' lang='lat' dir='ltr'><strong>beili</strong></span> <span class='ocrx_word' id='word_1_71' title='bbox 929 1927 1089 1996; x_wconf 85' lang='lat' dir='ltr'><strong>praecepta</strong></span> 
     </span>
     <span class='ocr_line' id='line_1_12' title="bbox 65 2004 232 2065; baseline -0.006 0"><span class='ocrx_word' id='word_1_72' title='bbox 65 2004 232 2065; x_wconf 90' lang='lat' dir='ltr'><strong>subnectit.</strong></span> 
     </span>
    </p>
   </div>
   <div class='ocr_carea' id='block_1_5' title="bbox 66 2191 1089 2616">
    <p class='ocr_par' dir='ltr' id='par_1_5' title="bbox 66 2191 1089 2616">
     <span class='ocr_line' id='line_1_13' title="bbox 140 2191 1089 2261; baseline -0.003 -14"><span class='ocrx_word' id='word_1_73' title='bbox 140 2195 188 2248; x_wconf 89' lang='lat' dir='ltr'><strong>De</strong></span> <span class='ocrx_word' id='word_1_74' title='bbox 205 2194 386 2261; x_wconf 76' lang='lat' dir='ltr'><strong>inscriptione</strong></span> <span class='ocrx_word' id='word_1_75' title='bbox 403 2192 493 2260; x_wconf 73' lang='lat' dir='ltr'><strong>operte</strong></span> <span class='ocrx_word' id='word_1_76' title='bbox 510 2191 575 2246; x_wconf 82' lang='lat' dir='ltr'><strong>uide</strong></span> <span class='ocrx_word' id='word_1_77' title='bbox 588 2193 797 2260; x_wconf 73' lang='lat' dir='ltr'><strong>praefationem.</strong></span> <span class='ocrx_word' id='word_1_78' title='bbox 867 2197 881 2243; x_wconf 92' lang='lat'>1</span> <span class='ocrx_word' id='word_1_79' title='bbox 901 2191 1052 2244; x_wconf 87' lang='lat' dir='ltr'><strong>lectionem</strong></span> <span class='ocrx_word' id='word_1_80' title='bbox 1071 2193 1089 2244; x_wconf 78' lang='lat' dir='ltr'><strong>d</strong></span> 
     </span>
     <span class='ocr_line' id='line_1_14' title="bbox 141 2261 1087 2330; baseline -0.003 -13"><span class='ocrx_word' id='word_1_81' title='bbox 141 2262 282 2318; x_wconf 75' lang='lat' dir='ltr'><strong>emilius</strong></span> <span class='ocrx_word' id='word_1_82' title='bbox 296 2264 324 2316; x_wconf 83' lang='lat' dir='ltr'><strong><em>A</em></strong></span> <span class='ocrx_word' id='word_1_83' title='bbox 404 2263 467 2316; x_wconf 81' lang='lat' dir='ltr'><strong>runt</strong></span> <span class='ocrx_word' id='word_1_84' title='bbox 485 2265 516 2316; x_wconf 99' lang='lat' dir='ltr'><em>H</em></span> <span class='ocrx_word' id='word_1_85' title='bbox 603 2262 677 2316; x_wconf 73' lang='lat' dir='ltr'><strong>ded</strong></span> <span class='ocrx_word' id='word_1_86' title='bbox 694 2279 777 2329; x_wconf 87' lang='lat' dir='ltr'><strong>quem</strong></span> <span class='ocrx_word' id='word_1_87' title='bbox 812 2261 857 2315; x_wconf 82' lang='grc' dir='ltr'><strong>εΡ</strong></span> <span class='ocrx_word' id='word_1_88' title='bbox 880 2265 910 2316; x_wconf 87' lang='lat' dir='ltr'><strong>et</strong></span> <span class='ocrx_word' id='word_1_89' title='bbox 928 2278 1012 2330; x_wconf 88' lang='lat' dir='ltr'><strong>quem</strong></span> <span class='ocrx_word' id='word_1_90' title='bbox 1030 2277 1087 2314; x_wconf 79' lang='lat' dir='ltr'><strong>am-</strong></span> 
     </span>
     <span class='ocr_line' id='line_1_15' title="bbox 66 2331 1016 2403; baseline 0.001 -15"><span class='ocrx_word' id='word_1_91' title='bbox 66 2336 189 2390; x_wconf 86' lang='lat' dir='ltr'><strong>modum</strong></span> <span class='ocrx_word' id='word_1_92' title='bbox 208 2337 239 2387; x_wconf 88' lang='lat' dir='ltr'><em>H</em></span> <span class='ocrx_word' id='word_1_93' title='bbox 254 2336 305 2388; x_wconf 82' lang='lat' dir='ltr'><strong>out</strong></span> <span class='ocrx_word' id='word_1_94' title='bbox 323 2333 594 2403; x_wconf 66' lang='lat' dir='ltr'><strong>quemadmodum&amp;</strong></span> <span class='ocrx_word' id='word_1_95' title='bbox 674 2331 783 2387; x_wconf 83' lang='lat' dir='ltr'><strong>institor</strong></span> <span class='ocrx_word' id='word_1_96' title='bbox 814 2331 914 2387; x_wconf 83' lang='lat' dir='ltr'><strong>inituri</strong></span> <span class='ocrx_word' id='word_1_97' title='bbox 932 2333 1016 2402; x_wconf 77' lang='lat' dir='ltr'><strong>nnlpo</strong></span> 
     </span>
     <span class='ocr_line' id='line_1_16' title="bbox 67 2403 1034 2477; baseline -0.002 -17"><span class='ocrx_word' id='word_1_98' title='bbox 67 2411 84 2460; x_wconf 81' lang='lat'><strong>5</strong></span> <span class='ocrx_word' id='word_1_99' title='bbox 103 2403 243 2476; x_wconf 79' lang='lat' dir='ltr'><strong>terrestri]</strong></span> <span class='ocrx_word' id='word_1_100' title='bbox 263 2403 294 2458; x_wconf 91' lang='lat' dir='ltr'><strong>in</strong></span> <span class='ocrx_word' id='word_1_101' title='bbox 312 2404 435 2459; x_wconf 76' lang='lat' dir='ltr'><strong>terrestri</strong></span> <span class='ocrx_word' id='word_1_102' title='bbox 453 2406 482 2458; x_wconf 76' lang='grc' dir='ltr'><strong>π’</strong></span> <span class='ocrx_word' id='word_1_103' title='bbox 532 2411 548 2458; x_wconf 82' lang='lat'><strong>6</strong></span> <span class='ocrx_word' id='word_1_104' title='bbox 566 2404 656 2477; x_wconf 74' lang='lat' dir='ltr'><strong>prelio</strong></span> <span class='ocrx_word' id='word_1_105' title='bbox 677 2405 728 2474; x_wconf 80' lang='lat' dir='ltr'><strong>(cic</strong></span> <span class='ocrx_word' id='word_1_106' title='bbox 744 2405 800 2472; x_wconf 75' lang='lat' dir='ltr'><strong>fere</strong></span> <span class='ocrx_word' id='word_1_107' title='bbox 818 2406 983 2474; x_wconf 78' lang='lat' dir='ltr'><strong>constanter)</strong></span> <span class='ocrx_word' id='word_1_108' title='bbox 1003 2407 1034 2458; x_wconf 95' lang='lat' dir='ltr'><em>H</em></span> 
     </span>
     <span class='ocr_line' id='line_1_17' title="bbox 70 2475 1087 2557; baseline 0.001 -28"><span class='ocrx_word' id='word_1_109' title='bbox 70 2477 309 2546; x_wconf 77' lang='lat' dir='ltr'><strong>tobpugnantur</strong></span> <span class='ocrx_word' id='word_1_110' title='bbox 326 2479 358 2530; x_wconf 89' lang='lat' dir='ltr'><em>H</em></span> <span class='ocrx_word' id='word_1_111' title='bbox 374 2478 573 2557; x_wconf 74' lang='lat' dir='ltr'><strong>oppugnantur</strong></span> <span class='ocrx_word' id='word_1_112' title='bbox 591 2476 655 2530; x_wconf 76' lang='lat' dir='ltr'><strong>edP</strong></span> <span class='ocrx_word' id='word_1_113' title='bbox 705 2475 857 2530; x_wconf 75' lang='lat' dir='ltr'><strong>enecatos</strong></span> <span class='ocrx_word' id='word_1_114' title='bbox 871 2475 908 2547; x_wconf 78' lang='lat' dir='ltr'><strong>A1</strong></span> <span class='ocrx_word' id='word_1_115' title='bbox 962 2477 1087 2549; x_wconf 87' lang='lat' dir='ltr'><strong>quoque]</strong></span> 
     </span>
     <span class='ocr_line' id='line_1_18' title="bbox 68 2545 861 2616; baseline -0.001 -14"><span class='ocrx_word' id='word_1_116' title='bbox 68 2565 124 2616; x_wconf 89' lang='lat' dir='ltr'><strong>quo</strong></span> <span class='ocrx_word' id='word_1_117' title='bbox 150 2547 180 2600; x_wconf 90' lang='lat' dir='ltr'><strong><em>V</em></strong></span> <span class='ocrx_word' id='word_1_118' title='bbox 224 2547 349 2613; x_wconf 51' lang='lat' dir='ltr'><strong>¹Comme</strong></span> <span class='ocrx_word' id='word_1_119' title='bbox 367 2546 479 2602; x_wconf 78' lang='lat' dir='ltr'><strong>nuunlri</strong></span> <span class='ocrx_word' id='word_1_120' title='bbox 493 2578 526 2586; x_wconf 92' lang='lat'><em>-</em></span> <span class='ocrx_word' id='word_1_121' title='bbox 546 2545 685 2602; x_wconf 83' lang='lat' dir='ltr'><strong>subnectit</strong></span> <span class='ocrx_word' id='word_1_122' title='bbox 703 2547 777 2602; x_wconf 82' lang='lat' dir='ltr'><strong>obest</strong></span> <span class='ocrx_word' id='word_1_123' title='bbox 795 2564 814 2602; x_wconf 85' lang='grc' dir='ltr'><em>α</em></span> <span class='ocrx_word' id='word_1_124' title='bbox 831 2547 861 2601; x_wconf 91' lang='lat' dir='ltr'><em>D</em></span> 
     </span>
    </p>
   </div>
   <div class='ocr_carea' id='block_1_6' title="bbox 0 0 1304 4082">
    <p class='ocr_par' dir='ltr' id='par_1_6' title="bbox 0 0 1304 4082">
     <span class='ocr_line' id='line_1_19' title="bbox 0 0 1304 4082; baseline 0 0"><span class='ocrx_word' id='word_1_125' title='bbox 0 0 1304 4082; x_wconf 95' lang='lat' dir='ltr'><strong> </strong></span> 
     </span>
    </p>
   </div>
  </div>
 </body>
</html>
