2552 4082
497 212 648 271 Praefatio.
1002 213 1082 271 v1111

66 363 218 429 accideret,
236 361 355 430 Seeclcii,
378 379 452 436 puae
474 357 521 422 ‘de
544 363 653 438 Vepetii
675 357 783 425 aetate'
807 367 840 424 in
857 365 987 426 Hermae
1009 370 1083 427 tomo

65 450 117 508 ΧΙ
131 442 287 531 (61876)
305 469 337 524 p.
354 452 484 512 61-83
510 457 587 512 catat
608 455 684 528 typis
712 455 869 526 exscripta,
893 455 1083 516 subtilissima

64 540 119 598 illa
141 541 344 614 disceptatione
366 542 551 600 commissum
569 546 618 608 est,
642 544 765 616 qna-cir
787 543 969 602 doctissimus
992 548 1018 602 et
1038 546 1083 603 in·

62 629 281 701 peniosissimns
304 629 456 688 luculentis
473 631 634 690 maalmam
651 635 777 704 partem,
801 633 834 690 nt
850 631 922 690 mili
939 633 1082 701 uidentur,

64 719 242 790 arpumentis
273 718 494 785 demonstrauit,
526 720 743 793 imperatorem,
758 720 805 792 ‘de
837 735 892 791 quo
924 723 1083 792 quaeritur,

63 822 120 863 non
133 806 228 878 fuisse
243 805 433 866 lbeadosimn
446 807 601 881 Mapnnm,
619 809 670 868 sed
689 808 929 868 Valentinianum
951 809 1084 879 tultum

63 895 93 952 id
124 895 203 967 quod
233 897 296 954 iam
324 893 416 954 dabo
449 888 572 975 (history
599 898 636 970 of
660 896 705 954 tle
732 897 840 956 decline
867 900 915 956 etc.
944 896 974 956 V
996 888 1084 977 190),

62 982 182 1042 Richter
205 975 310 1062 („Das
331 987 470 1043 mestrbm.
494 983 609 1044 Reicle“
626 1003 659 1058 p.
685 977 754 1064 66),
783 985 983 1045 Wietersaam
1011 978 1083 1065 (Ge-

63 1071 184 1130 sclsiclste
217 1072 269 1130 der
302 1071 584 1146 Vb'llreruandemmp
615 1072 671 1132 IV
695 1091 728 1146 p.
758 1065 837 1151 164)
873 1077 1035 1133 statuerant
1048 1065 1083 1155 ¹).

62 1159 138 1218 Ecce
170 1163 269 1219 autem
299 1158 472 1220 Seeckianae
504 1163 763 1235 arpumentatioms
791 1179 922 1220 summa:
949 1162 1084 1222 Primum

57 1251 211 1324 princeps,
235 1249 272 1307 de
297 1266 352 1321 qna
380 1253 421 1309 est
442 1253 583 1322 quaestio,
609 1247 753 1309 Occidenti
779 1251 981 1323 inperitabat;
1008 1251 1084 1311 6666

63 1338 221 1396 adnwdum
242 1338 358 1396 iuuenis
380 1341 444 1397 nat
466 1331 544 1418 (III
559 1340 600 1398 26
625 1330 723 1418 epil.)‚·
750 1339 827 1398 idun
849 1337 1082 1400 innumerabiles

61 1425 153 1484 urbes
185 1424 314 1501 perfecit
336 1417 405 1505 (IV
423 1419 515 1506 prol.)
550 1427 724 1500 classemque
754 1428 787 1485 in
812 1427 952 1486 Danubio
983 1427 1085 1488 babuit

62 1506 97 1592 (Ι
100 1513 130 1574 V
150 1505 237 1594 fin.);
260 1531 334 1587 quae
360 1516 474 1587 quidem
496 1517 597 1574 omnia
618 1517 651 1574 in
680 1514 744 1575 Val.
767 1515 832 1574 III
855 1517 959 1589 optime
982 1517 1084 1575 cadere

62 1606 121 1661 tam
145 1606 283 1662 accurate
305 1621 393 1676 paam
410 1604 475 1676 fuse
498 1605 682 1663 demonstrat.
718 1604 833 1663 Deinde
852 1603 1029 1664 Theodosius
1050 1607 1082 1664 in

61 1685 157 1750 Italia
174 1695 235 1750 tres
253 1695 366 1750 tantum
384 1708 477 1752 annos
496 1684 703 1772 (388-391)
721 1697 856 1752 ansatus
874 1697 927 1761 est,
944 1681 1083 1766 ’6666666

62 1783 177 1838 tantum
209 1794 321 1838 menses
351 1797 404 1840 sno
431 1782 547 1839 nomine
573 1782 724 1854 repnanit·
755 1783 788 1839 in
815 1781 912 1840 eodem
943 1781 1083 1840 currendi

61 1867 211 1929 uelocitas
233 1859 311 1947 (III
335 1862 414 1947 epil.)
429 1887 448 1928 a
464 1869 577 1942 Vepetio
594 1871 654 1928 nisi
673 1870 840 1941 mdisieante
858 1873 910 1928 aut
931 1871 1085 1930 comitante

63 1957 184 2016 laudari
211 1973 271 2015 non
291 1961 416 2031 poterat.
457 1957 590 2030 Denique
619 1959 696 2031 quod
722 1958 746 2016 I
766 1959 808 2017 20
832 1957 945 2017 Rornae
968 1976 994 2020 a.
1018 1960 1084 2018 410

7 2075 12 2090 ·
59 2061 112 2117 per
141 2043 251 2104 aotms
279 2046 386 2105 deletae
411 2048 516 2105 mentio
538 2063 597 2105 uon
619 2048 667 2118 nc,
695 2047 726 2105 id
751 2049 909 2120 propterea
935 2047 1015 2105 laud
1041 2049 1085 2106 ita

62 2135 163 2208 mapni
185 2136 321 2192 mmnemi
338 2135 502 2194 babendum
523 2139 572 2203 est,
592 2136 662 2207 qnia
679 2136 712 2193 in
730 2137 813 2194 tauta
830 2150 931 2192 rerum
949 2135 1085 2192 omlentcr

62 2227 221 2294 pestamun,
236 2227 385 2295 quantam,
404 2240 477 2296 quae
494 2223 554 2282 illis
575 2225 633 2296 fnit
652 2223 834 2296 temporibus,
848 2223 927 2280 orbis
940 2225 1086 2280 terrarum

65 2313 148 2382 quasi
172 2311 282 2369 mersio
304 2311 417 2379 babuit,
450 2312 580 2370 cuiusuis
607 2311 783 2370 calamitatis
813 2309 857 2367 rel
887 2311 1013 2369 manime
1039 2311 1084 2369 in-

64 2394 157 2473 sipnis
180 2400 264 2458 bruci
286 2401 477 2474 mstinpnitm
498 2401 647 2460 memmio.

153 2485 278 2560 dempsit
300 2493 396 2548 antem
425 2489 556 2562 Vepetius
579 2477 765 2567 epitomom²)
788 2489 833 2546 rei
854 2487 999 2547 militaris.
1027 2486 1085 2562 Qut

136 2658 163 2725 1)
182 2655 231 2711 Ad
249 2657 298 2712 boc
315 2672 400 2726 nsque
417 2660 523 2725 tempus
546 2655 742 2712 Valentiniani
758 2672 856 2712 nomen
873 2657 906 2711 in
923 2657 993 2724 ipsis
1011 2657 1083 2710 auti·

67 2727 126 2794 puis
145 2727 286 2782 codicibus
303 2727 482 2796 inscriptioni
499 2727 636 2783 adiectum
650 2731 744 2782 estare
763 2728 857 2796 opinio
874 2727 939 2794 fnit.
962 2727 1004 2782 At
1021 2732 1085 2782 ante

65 2799 173 2853 tertium
196 2798 330 2853 (16666666
352 2799 491 2853 saeculnm
514 2799 560 2868 (cf.
578 2797 705 2853 Bandin.
724 2795 774 2851 IV
792 2800 856 2866 176)
878 2799 951 2852 illud
975 2798 1085 2852 addita·

66 2875 183 2924 mmmm
201 2869 234 2923 in
253 2869 392 2924 codicibus
410 2870 520 2938 repperi
536 2869 653 2924 nullum.
683 2867 791 2923 Mirum
809 2874 848 2924 est
865 2869 938 2938 quad
955 2869 988 2923 in
1006 2873 1083 2923 eata·

68 2938 125 3008 lopo
143 2941 399 3009 manuscriptorum
412 2957 431 2995 6
443 2940 543 2995 Librio
561 2943 750 3008 smreptornm
764 2940 863 3008 lepitnr
880 2956 908 3008 p.
919 2943 984 2994 230:
1003 2939 1084 2994 ‘Per-

67 3009 132 3078 haps
150 3011 195 3066 tlte
213 3011 288 3066 warte
305 3027 363 3066 uas
380 3011 555 3080 successioely
574 3011 716 3066 dedicated
733 3014 761 3066 to
780 3011 842 3065 aeta
859 3011 932 3066 ibose
949 3025 1085 3080 emperors

68 3080 208 3147 (Tbeodos.
224 3081 317 3137 Iand
337 3080 570 3150 Valentin.II.)’.
592 3082 623 3150 (t)
649 3082 838 3152 Morpapnnm
857 3086 948 3136 autem
965 3082 1084 3150 epistula

68 3149 225 3206 Aureliana
249 3151 296 3205 VI
321 3157 378 3209 o.'l
407 3153 575 3222 arpumentis
601 3168 659 3206 non
686 3151 793 3207 lmibus
819 3152 914 3207 allatis
946 3151 1084 3222 Vepetinm

73 3219 130 3276 Vol.
141 3222 209 3278 ΙΙΙ.
230 3228 280 3277 ant
292 3222 443 3278 llicadasio
461 3239 531 3292 opus
548 3239 628 3278 sunm
647 3223 785 3278 dedicasse
802 3222 985 3278 demonstrare
1001 3223 1083 3277 Muc-

70 3293 133 3348 ciolo
156 3294 188 3348 in
207 3293 332 3365 catalopa
355 3294 418 3349 bibl.
435 3299 550 3363 patrmn
568 3294 714 3350 Minaeum
733 3293 869 3350 06666666
890 3298 958 3348 nata
979 3293 1083 3363 marpi-

72 3364 129 3417 uoli
146 3365 184 3419 ad
199 3365 240 3432 pl.
261 3369 294 3419 19
315 3363 379 3422 (lod.
399 3369 415 3419 6
434 3370 530 3420 manet.

138 3435 164 3503 2)
192 3433 286 3504 ‘Quod
298 3440 384 3504 putot
400 3435 538 3491 Basilius
558 3435 695 3490 XXVII
711 3435 830 3502 Adaeus.
849 3439 874 3490 et
897 3435 967 3490 alibi
984 3434 1084 3503 Epito-

72 3516 128 3558 mcn
153 3510 263 3560 tautum
292 3507 425 3562 librorum
448 3504 553 3576 Vepetii
580 3511 661 3576 atque
684 3507 751 3562 adeo
773 3506 921 3576 Epitonnn
943 3504 1085 3574 llpitomes

76 3572 150 3631 bodie
172 3592 322 3646 superesse,
343 3579 437 3634 minus
458 3579 607 3634 uuisimile
629 3577 747 3634 uidetiu.
784 3577 825 3633 Et
842 3577 933 3633 uncio
954 3575 1086 3645 mmmm
