2552 4082
101 197 104 204 '
184 217 262 274 xun
617 216 768 274 praeraso.

187 373 229 430 est
249 371 375 430 manime
398 370 633 444 conqumendum,
657 370 733 442 quod
756 365 889 443 Vepctius
911 385 975 428 nrm
997 371 1041 429 rei
1062 370 1203 430 militaris

185 475 245 518 non
266 460 338 518 satis
355 460 470 532 peritus
493 462 554 518 tum
575 459 713 518 historiae
734 459 935 525 mutationum,
959 475 1033 531 quus
1054 475 1102 518 res
1123 460 1203 519 miti-

184 549 259 606 taris
281 549 318 607 ab
341 549 550 628 miquissirms
567 563 657 619 nsque
679 547 719 606 ad
735 547 830 620 ipsius
848 550 978 620 tempora
998 548 1094 614 suite,
1107 549 1201 621 piane

183 637 307 709 ipnarus
329 630 528 696 institutores
549 635 687 694 mititaris
708 636 751 694 sie
772 636 863 702 docet,
886 639 926 702 ut,
953 636 993 695 ad
1014 651 1088 709 qnae
1115 653 1201 709 auae-

184 742 247 797 que·
259 729 389 798 tempora
410 726 470 784 sint
490 724 657 797 reserenda,
675 739 800 797 prornrs
821 726 854 782 in
884 724 976 784 medio
1003 725 1203 797 relinquatur,-

183 830 238 887 ouc
266 814 381 886 quidem
406 814 478 872 uitio
505 813 581 884 quod
602 813 758 879 seumdus,
786 813 836 884 qui
858 816 900 872 cst
921 813 956 872 de
979 815 1099 885 antiqua
1121 815 1200 873 ordi-

182 903 307 968 natione,
330 901 402 961 tiber
428 902 553 960 mommo
579 891 751 980 uoputat1),
783 900 858 961 ittud
888 901 978 960 notim
1009 901 1200 969 obliuiscaris,

188 989 335 1064 Vepctimn
367 992 464 1063 ipsum
492 1005 557 1049 oum
589 1005 654 1048 eum
685 991 872 1048 conscriberet
903 1005 933 1048 se
959 993 1083 1049 metuem
1108 991 1200 1063 siani-

182 1079 295 1150 fieossa
320 1095 357 1136 nc
374 1076 562 1155 „impolitior
582 1079 637 1136 aut
657 1073 829 1138 obseuri0r“
852 1069 867 1154 (
864 1095 898 1150 p.
918 1078 970 1151 38,
990 1069 1024 1159 7)
1043 1078 1201 1138 inderetur.

273 1166 357 1226 Haec
378 1167 514 1226 nocemus
536 1167 571 1225 de
594 1164 707 1239 Vepetio
730 1167 844 1239 eumque
865 1167 987 1240 inperio.
1024 1165 1201 1241 Quiduseum

184 1259 250 1328 apte
272 1255 422 1314 renonent
448 1271 522 1328 quae
545 1271 647 1327 pauca
674 1271 739 1314 cum
761 1255 795 1314 de
818 1255 880 1314 eins
902 1256 1042 1328 epitomae
1063 1259 1201 1328 qmuuor

186 1344 327 1403 titrormn
349 1343 460 1402 ennena
483 1347 544 1402 tmn
567 1343 602 1402 de
624 1345 766 1416 comticm,
789 1359 847 1416 per
874 1359 948 1415 quae
971 1361 1005 1403 ea
1027 1343 1125 1403 diuisa
1148 1348 1198 1410 est,

181 1433 307 1492 metricis
325 1433 460 1492 addenda
477 1432 622 1492 uidentur.
648 1431 812 1490 Etencteum
829 1432 944 1504 quidem
957 1433 1097 1492 librorum
1111 1449 1200 1504 aeque

184 1537 220 1580 ae
241 1522 376 1581 rubricas
397 1522 480 1580 umens
502 1521 673 1580 inclusimus
695 1520 776 1586 otim,
805 1537 883 1579 nuuc
905 1521 972 1580 ueto
994 1522 1200 1580 contranimus.

182 1609 264 1668 Nam
292 1609 436 1668 etencteum
463 1609 500 1668 ab
527 1609 623 1668 eodem
652 1609 702 1680 qui
727 1608 852 1668 induem
878 1610 964 1668 totius
991 1609 1059 1668 titri
1080 1609 1202 1682 rorefecit

177 1698 342 1771 proseetmn
373 1713 432 1757 csse
460 1696 541 1757 haud
570 1696 690 1770 difficile
718 1697 855 1768 nocerim
882 1698 958 1770 quod
985 1701 1138 1770 utrumque
1166 1699 1200 1756 in

189 1785 336 1859 Vspetium
361 1787 458 1860 ipsnnn
487 1786 590 1845 cadere
605 1788 712 1858 potest,
735 1786 877 1858 siquidem
893 1789 1049 1859 postquam
1070 1785 1199 1859 sinputos

183 1873 272 1934 libros
294 1874 419 1934 diuusis
445 1875 619 1948 temporibus
645 1875 814 1947 imperatori
841 1891 893 1934 suo
919 1875 1043 1942 miserit,
1072 1874 1201 1933 cottectos

183 1979 230 2022 eos
261 1964 478 2035 coniunctosoue
501 1963 614 2036 pubtioi
642 1963 718 2021 iuris
746 1964 847 2035 secuse
868 1964 1040 2036 putaueris;
1063 1963 1115 2022 etsi
1142 1962 1199 2020 tac

182 2051 217 2111 ote
245 2069 279 2111 re
306 2054 358 2110 mn
388 2051 546 2125 quidquam
569 2068 628 2125 pro
654 2055 728 2110 certo
752 2051 883 2122 definias.
916 2049 1025 2110 Contra
1054 2051 1198 2118 rubricas,

183 2157 258 2213 quae
284 2141 399 2213 quidun
425 2141 550 2200 traditae
577 2141 647 2206 siut,
671 2143 724 2199 aut
746 2142 864 2198 amum
880 2141 939 2198 'aut
961 2139 1117 2212 pterosque
1145 2137 1198 2198 Ve-

177 2231 252 2302 petio
275 2230 380 2297 debui,
402 2231 461 2288 nisi
477 2229 645 2302 palmarem
661 2228 755 2295 itticm,
776 2243 861 2300 quern
878 2227 999 2287 Fdrstcr
1017 2229 1197 2300 epitomatori
1272 2303 1273 2306 Ἴ

180 2322 278 2377 nostro
301 2319 454 2391 opprobrio
477 2319 536 2384 dat,
561 2317 655 2377 cordis
666 2317 869 2390 practeeueris
888 2319 1042 2392 stuporata,
1060 2317 1111 2375 urie
1129 2316 1197 2387 fieri

176 2408 269 2478 potest
294 2409 328 2463 ut
350 2407 485 2478 cuiquam
501 2407 622 2478 probes,
644 2406 751 2464 nedum
773 2405 925 2474 luculentis
948 2405 1125 2478 arpumoutis
1147 2405 1195 2464 de-

182 2485 317 2573 ctares²).
354 2493 443 2561 Nam,
466 2497 499 2552 ut
521 2494 632 2552 silentio
648 2497 869 2566 praetereamus
891 2494 910 2552 t.
928 2493 952 2551 I
971 2511 994 2552 c.
1013 2494 1054 2552 28
1075 2497 1101 2552 et
1118 2492 1136 2552 t.
1155 2492 1200 2550 II

179 2597 201 2639 ο.
230 2582 270 2639 18
302 2582 450 2648 rubricas,
479 2599 553 2654 quos
581 2585 614 2640 ut
644 2583 772 2640 onmium
802 2583 1031 2642 absurdissimas
1062 2598 1082 2641 a
1112 2581 1197 2640 nobis

250 2803 277 2871 1)
300 2801 415 2858 Fdrster
433 2803 450 2858 t.
469 2803 487 2859 t.
502 2819 532 2872 p.
552 2807 569 2856 2
592 2803 674 2857 etiam
696 2801 878 2871 neptepentiae
901 2807 926 2856 ct
947 2802 1073 2857 inemiae
1101 2805 1197 2856 tantae

177 2874 229 2928 uin
247 2879 280 2929 ut
297 2875 372 2929 credi
384 2874 475 2943 possit
498 2873 637 2958 Vepetisom
655 2874 767 2943 arpnit‚·
786 2874 858 2942 quod
875 2873 940 2928 item
958 2874 1034 2928 nitra
1046 2872 1111 2927 neri
1128 2888 1194 2927 nor-
1272 2929 1273 2954 ¹

178 2960 250 2999 mam
278 2945 390 2999 uidetur
407 2945 485 2999 domo
503 2945 679 3000 acutissimus
702 2944 866 3010 orientium
894 2949 963 2999 certe
985 2960 1055 3012 puae
1073 2943 1196 3012 exempta

178 3015 268 3082 offert,
286 3031 318 3069 ea
335 3015 412 3070 teaud
429 3016 471 3069 ita
488 3016 592 3086 promia
614 3015 764 3070 arbitreris.
802 3015 878 3070 Nam
895 3031 926 3070 re
943 3031 1011 3070 nera
1029 3013 1091 3066 III
1105 3019 1121 3068 8
1139 3017 1196 3068 tres

177 3086 252 3142 modi
279 3091 370 3140 costra
397 3086 541 3141 muniendi
566 3090 775 3156 enumerantur,
792 3101 913 3170 aunum
940 3087 996 3141 duo
1024 3087 1095 3154 (ant
1121 3085 1196 3138 enim

178 3157 343 3226 caespitibus
361 3162 419 3211 aut
435 3157 513 3224 fossa
526 3161 551 3210 et
569 3173 705 3226 apperec.
719 3129 825 3212 mimiri
843 3173 872 3211 eo
891 3157 948 3212 toea
967 3157 1100 3224 disceptat
1119 3153 1194 3225 ch.)

177 3229 216 3284 ad
242 3228 334 3283 leuem
361 3225 592 3297 occupationem,
619 3228 716 3283 tertius
743 3229 781 3282 ad
810 3226 915 3282 statius
946 3229 1039 3281 castre
1065 3226 1192 3295 pertinet.
1272 3241 1273 3276 t

179 3300 219 3352 In
247 3300 304 3354 ioco
331 3303 421 3353 autem
445 3297 612 3371 παραλλήλῳ
636 3315 713 3367 quem
734 3299 815 3353 trabes
833 3298 877 3352 II
893 3303 941 3366 23,
970 3315 1000 3352 a
1016 3295 1120 3352 deinde
1138 3297 1195 3364 (26,

180 3371 225 3439 13)
248 3370 325 3425 haud
349 3385 416 3426 sane
439 3369 576 3424 subtiliter
599 3373 625 3425 et
650 3371 783 3437 elepanter
809 3371 897 3426 attera
920 3370 1005 3423 smius
1030 3367 1196 3422 mundionis

177 3441 325 3510 descriptio
341 3441 457 3511 incipit;
474 3442 521 3496 sed
538 3439 657 3497 recteR.
670 3440 712 3496 M.
730 3441 818 3496 suasit
831 3445 864 3496 ut
882 3438 1077 3510 „triplexque“
1095 3442 1149 3506 (οδ,
1167 3442 1195 3508 9)
1272 3505 1273 3522 ¹

177 3513 598 3652 mtigardeftmd'rancopatiieoe
619 3583 755 3638 mersionis
777 3598 847 3652 quae
869 3581 910 3638 ed
934 3597 960 3637 o.
982 3585 1050 3635 176⁷
1074 3527 1273 3635 Scituri.1
