2604 4082
452 207 511 304 cis.
531 249 552 315 1,
572 252 614 304 10.
635 253 677 301 11.
1034 249 1076 318 15

76 390 257 453 emdiucrant
278 403 381 474 artem,
405 413 542 475 campum
561 395 700 457 Martium
724 398 857 456 uicinum
876 396 978 458 Tiberi
997 397 1076 458 dele-

75 489 185 561 gerunt,
214 483 245 541 in
273 501 333 561 quo
356 485 500 545 iuuentus
523 494 591 564 post
613 486 789 546 exercitium
813 503 964 546 armorum
987 487 1075 547 sudo·

75 584 131 626 rem
152 568 367 650 pulueremque
390 572 519 634 dilueret
542 591 576 634 ac
599 572 804 635 lassitudinem
824 591 932 635 cursus
956 575 1076 635 natandi

74 653 163 716 labore
181 658 355 738 deponeret.
391 661 457 722 Non
477 661 573 722 solum
593 670 691 723 autem
710 661 827 741 pedites
846 662 898 722 sed
913 670 944 722 et
958 665 1075 742 equites

73 744 201 825 ipsosque
225 766 320 827 equos
343 749 393 810 uel
415 750 498 830 lixas,
522 767 598 829 quos
620 750 759 829 galiarios
777 758 896 832 uocant,
920 750 955 810 ad
976 759 1102 811 natan-5

73 831 133 892 dom
154 854 295 897 exercere
318 837 564 916 percommodum
587 851 642 920 est,
666 856 703 899 ne
727 838 798 918 qold
822 841 984 920 imperitis,
1007 857 1074 901 cum

72 926 222 985 necessitas
245 925 402 1006 incumbit,
426 929 553 988 eueniat.

147 1010 195 1074 Xl.
220 1015 355 1095 Antiqui,
369 1017 448 1076 sicut
462 1017 615 1077 inuenitur
634 1018 665 1075 in
679 1014 772 1094 libris
786 1016 843 1077 hoo
858 1033 967 1095 genere
978 1053 1146 1095 qumanana
1155 1057 1182 1090 ,4

72 1115 220 1162 exercuere
235 1104 359 1164 tirones.
388 1104 478 1165 Scuta
493 1104 530 1164 dc
546 1107 656 1165 uimine
669 1106 699 1164 iu
711 1105 831 1165 modum
841 1100 1182 1186 castrametationes}

71 1190 276 1251 conrotundata
290 1191 439 1274 texebant,
454 1195 494 1253 ita
509 1201 543 1254 ut
555 1193 678 1272 duplum
688 1193 804 1272 pondus
815 1194 906 1254 oratis
916 1192 966 1254 ha·
976 1189 1182 1224 ⁰⁸“⁰⁸¹'⁸¹²“*'⁰¹¹⁰‘

70 1274 151 1358 leret,
173 1297 267 1358 quam
290 1288 408 1341 scutum
428 1281 580 1360 publicum
599 1280 709 1342 babere
728 1283 895 1342 consueuit.
932 1281 1074 1361 Idemque

71 1363 155 1426 claras
181 1368 299 1447 ligneas
327 1367 410 1447 dupli
438 1387 532 1448 aeque
555 1370 697 1450 ponderis
719 1388 775 1450 pro
798 1369 902 1449 gladiis
924 1369 1074 1431 tironibus

70 1452 172 1517 dabant.
219 1455 327 1536 quue
355 1457 443 1518 modo
471 1457 532 1518 non
559 1466 675 1519 tantum
703 1475 789 1518 manc
818 1457 870 1518 sed
895 1459 985 1518 etiam
1007 1466 1075 1536 post

69 1544 211 1606 meridiem
237 1545 455 1608 exercebantur
478 1546 514 1606 ad
537 1546 629 1626 palos.
666 1546 804 1608 Palorum
824 1547 903 1606 enim
921 1563 996 1606 usus
1014 1564 1075 1606 non

70 1631 151 1693 solum
170 1633 320 1695 militibus
340 1635 391 1696 sed
411 1637 499 1696 etiam
522 1635 736 1714 gladiatoribus
759 1636 920 1715 plurimum
943 1633 1074 1715 prodest.
1089 1650 1115 1690 ra

69 1717 120 1780 Nee
150 1739 295 1802 umquam
327 1732 379 1784 sut
415 1723 525 1784 harena
558 1733 609 1785 aut
642 1742 763 1803 campus
800 1726 947 1786 inuictum
984 1726 1075 1784 armis

69 1811 154 1870 uirum
183 1810 341 1892 probauit,
369 1814 427 1873 nisi
450 1815 503 1892 qui
526 1812 685 1891 diligenter
708 1815 888 1874 exercitatus
912 1812 1075 1874 docebatur

69 1897 97 1955 ad
118 1899 226 1976 palum.
264 1900 288 1959 Α
308 1900 433 1979 singulis
457 1909 557 1962 autem
573 1900 729 1975 tironibus
753 1901 861 1981 singuli
884 1900 942 1980 pali
966 1901 1073 1979 defige·

68 1982 165 2048 bantur
192 1991 225 2048 in
255 1996 380 2071 terram,
407 1993 448 2050 ita
476 1999 511 2050 ut
537 1999 643 2051 nutare
667 2009 726 2050 non
750 1998 874 2070 possent
896 1998 926 2050 et
949 2008 1000 2050 sex
1023 2009 1074 2068 pe·

69 2071 144 2136 dibus
171 2080 349 2139 eminerent.
401 2077 510 2139 Contra
542 2079 625 2139 illum
658 2078 757 2158 palum
790 2087 940 2157 tamquam
969 2085 1073 2137 contra
1088 2093 1114 2132 ao

79 2243 145 2300 V.L.
182 2253 197 2301 1
210 2245 405 2302 erudieruntd
439 2247 547 2316 tyberii
557 2249 703 2318 elegerunt
717 2248 785 2316 (nisi
793 2247 880 2302 mauis
890 2247 973 2316 tepere
982 2245 1075 2314 tyberi

69 2312 227 2388 selegerunt)
247 2321 278 2372 H
294 2317 402 2387 tyberii
418 2319 479 2375 dele
502 2321 621 2390 eruniQ
694 2324 710 2371 3
730 2317 857 2373 deluereb
873 2318 972 2386 fragm.
991 2316 1072 2371 Eine.

69 2383 112 2438 del.
128 2405 160 2442 ea·
182 2389 234 2444 dil.
253 2389 369 2444 eoacti
445 2397 462 2444 4
494 2390 534 2462 ei]
554 2388 664 2460 equites
678 2391 712 2443 π’
786 2386 956 2469 bgclicrioi
975 2389 1075 2457 scripsi

69 2455 198 2522 wenrici
213 2461 319 2515 Isidor.
335 2461 422 2516 Gloss.
442 2462 504 2531 (312
525 2460 640 2516 calones
654 2459 772 2530 galecrii
788 2459 912 2513 m1liium
926 2465 978 2514 313
993 2459 1073 2514 Celo-

68 2526 143 2598 nica);
162 2530 317 2601 gallearioi
330 2532 430 2602 fragm.
450 2533 532 2586 Eine.
551 2530 698 2602 galliorioi
712 2530 741 2584 π’
760 2529 906 2601 gallicrial
921 2530 988 2600 (gal.
999 2531 1072 2600 MP)

68 2598 105 2650 rP
124 2603 156 2667 ef.
180 2603 262 2668 infra
285 2600 336 2669 ΙΙΙ,
361 2609 385 2657 6.
434 2603 603 2674 ‘Adamapett
627 2603 784 2658 Soricariue
811 2618 825 2656 e
848 2601 953 2658 Glossie
979 2602 1074 2657 MSta'e

68 2665 184 2740 Kalonos,
200 2671 311 2728 Galliae
330 2673 454 2728 militum
472 2676 645 2742 accendetque
662 2673 782 2743 galearii
799 2674 845 2728 uel
861 2671 981 2728 Caoulae
1000 2673 1073 2727 mili·

68 2738 118 2794 tnm
134 2760 183 2798 aee
200 2745 286 2798 male:
305 2743 359 2799 Sed
377 2763 427 2800 cur
444 2760 502 2799 noo
520 2743 688 2800 Galieriael’
712 2744 923 2813 Oudendorpios

129 2812 191 2869 Cur.
210 2815 259 2868 Xl.
297 2819 313 2868 8
332 2814 465 2884 Antiquil
483 2814 626 2870 inuenitur
645 2847 679 2856 —
698 2815 821 2870 exerceri
844 2816 862 2868 d
938 2819 953 2867 9
974 2813 1072 2884 Scuta]

69 2877 99 2934 lic
114 2887 215 2948 (uocem
235 2884 313 2940 leuia
331 2893 395 2955 post
417 2885 553 2942 texebant
574 2887 732 2955 innuentes)
752 2885 807 2956 QP
886 2882 1076 2939 warstein

98 2959 126 3007 11
146 2956 330 3010 consueuerat
343 2960 374 3011 H
385 2957 501 3012 Fdrater
536 2958 662 3026 itemquo
676 2958 709 3011 π’
749 2963 783 3010 12
798 2954 895 3010 elanus
904 2954 1015 3025 ligneas
1028 2955 1073 3011 sD

69 3021 189 3083 claugor
199 3027 292 3081 lineas
301 3026 329 3081 V
340 3027 554 3098 clauusligneul
560 3031 591 3082 H
602 3028 697 3084 clanei
707 3026 818 3098 ligneas
826 3027 854 3080 P
887 3026 968 3096 dupli
982 3043 1073 3096 aeque

70 3090 237 3153 Schwabeia'oe
251 3098 413 3168 duplicique
428 3101 460 3152 H
470 3099 592 3169 duplicis
604 3116 693 3168 aeque
709 3098 770 3153 adP
810 3102 843 3151 18
857 3095 902 3150 Ad
916 3096 1030 3167 singulis
1045 3101 1075 3150 H

130 3174 161 3222 te
180 3169 211 3223 in
231 3169 350 3241 terram]
369 3171 399 3224 in
417 3172 493 3224 berra
507 3187 575 3226 corr.
597 3187 630 3224 etc
647 3172 677 3224 in
695 3169 770 3225 berrd
785 3171 816 3222 Π
830 3169 860 3222 in
875 3169 984 3222 ternod

84 3321 142 3378 bb
214 3327 358 3398 liabere]
377 3345 436 3383 -em
455 3348 474 3382 α

130 3397 191 3452 Car.
210 3399 258 3452 XI.
296 3399 371 3454 9im
389 3400 504 3454 modum
523 3402 554 3454 H
633 3405 667 3454 10
686 3399 902 3470 eonroiundata]
923 3401 1021 3454 conrut
1061 3429 1072 3438 -

71 3461 126 3522 dam
142 3468 173 3522 α’
248 3475 281 3522 11
300 3469 442 3540 puplicum
462 3474 491 3524 H
559 3477 592 3524 13
611 3469 790 3540 postmeriditi
809 3472 841 3523 H
902 3476 935 3524 16
954 3469 1072 3540 harene]

71 3548 142 3594 uena
158 3541 199 3594 A’
260 3545 294 3595 18
312 3541 501 3611 defigibsniur
520 3543 558 3596 M
621 3548 653 3596 19
673 3541 784 3612 nutare]
805 3544 904 3597 notare
923 3542 954 3593 α’
1009 3539 1072 3610 poi-

71 3603 130 3679 tent]
149 3611 254 3681 pollini
272 3612 318 3667 sP
402 3676 404 3680 Ι
