<?xml version="1.0" encoding="UTF-8"?>
<!DOCTYPE html PUBLIC "-//W3C//DTD XHTML 1.0 Transitional//EN"
    "http://www.w3.org/TR/xhtml1/DTD/xhtml1-transitional.dtd">
<html xmlns="http://www.w3.org/1999/xhtml" xml:lang="en" lang="en">
 <head>
  <title>
</title>
<meta http-equiv="Content-Type" content="text/html;charset=utf-8" />
  <meta name='ocr-system' content='tesseract 3.04.00' />
  <meta name='ocr-capabilities' content='ocr_page ocr_carea ocr_par ocr_line ocrx_word'/>
</head>
<body>
  <div class='ocr_page' id='page_1' title='image "./epitomareimilit00renagoog_0103.png"; bbox 0 0 2604 4082; ppageno 0'>
   <div class='ocr_carea' id='block_1_1' title="bbox 190 208 815 304">
    <p class='ocr_par' dir='ltr' id='par_1_1' title="bbox 190 208 815 304">
     <span class='ocr_line' id='line_1_1' title="bbox 190 208 815 304; baseline 0.005 -15"><span class='ocrx_word' id='word_1_1' title='bbox 190 237 235 299; x_wconf 88' lang='lat'><strong>44</strong></span> <span class='ocrx_word' id='word_1_2' title='bbox 591 234 653 290; x_wconf 77' lang='lat' dir='ltr'><strong>Lib.</strong></span> <span class='ocrx_word' id='word_1_3' title='bbox 672 208 752 304; x_wconf 72' lang='lat' dir='ltr'><strong>ito.</strong></span> <span class='ocrx_word' id='word_1_4' title='bbox 773 242 815 292; x_wconf 86' lang='grc' dir='ltr'><strong>ιο.</strong></span> 
     </span>
    </p>
   </div>
   <div class='ocr_carea' id='block_1_2' title="bbox 84 383 1291 1973">
    <p class='ocr_par' dir='ltr' id='par_1_2' title="bbox 84 383 1291 1973">
     <span class='ocr_line' id='line_1_2' title="bbox 191 383 1210 464; baseline -0.002 -18"><span class='ocrx_word' id='word_1_5' title='bbox 191 386 262 446; x_wconf 81' lang='lat' dir='ltr'><strong>tecti</strong></span> <span class='ocrx_word' id='word_1_6' title='bbox 295 385 421 464; x_wconf 82' lang='lat' dir='ltr'><strong>legionis</strong></span> <span class='ocrx_word' id='word_1_7' title='bbox 448 403 465 444; x_wconf 89' lang='lat' dir='ltr'><strong>a</strong></span> <span class='ocrx_word' id='word_1_8' title='bbox 493 383 614 446; x_wconf 90' lang='lat' dir='ltr'><strong>tribuno</strong></span> <span class='ocrx_word' id='word_1_9' title='bbox 643 384 842 463; x_wconf 73' lang='lat' dir='ltr'><strong>deputabatur</strong></span> <span class='ocrx_word' id='word_1_10' title='bbox 870 384 907 444; x_wconf 95' lang='lat' dir='ltr'><strong>ad</strong></span> <span class='ocrx_word' id='word_1_11' title='bbox 938 401 1072 463; x_wconf 91' lang='lat' dir='ltr'><strong>poenam.</strong></span> <span class='ocrx_word' id='word_1_12' title='bbox 1115 383 1210 444; x_wconf 77' lang='lat' dir='ltr'><strong>Arma</strong></span> 
     </span>
     <span class='ocr_line' id='line_1_3' title="bbox 191 473 1209 553; baseline -0.002 -18"><span class='ocrx_word' id='word_1_13' title='bbox 191 476 323 535; x_wconf 91' lang='lat' dir='ltr'><strong>omnium</strong></span> <span class='ocrx_word' id='word_1_14' title='bbox 342 474 478 553; x_wconf 85' lang='lat' dir='ltr'><strong>miiitum,</strong></span> <span class='ocrx_word' id='word_1_15' title='bbox 501 475 573 534; x_wconf 91' lang='lat' dir='ltr'><strong>item</strong></span> <span class='ocrx_word' id='word_1_16' title='bbox 593 475 664 552; x_wconf 91' lang='lat' dir='ltr'><strong>equi</strong></span> <span class='ocrx_word' id='word_1_17' title='bbox 682 481 784 534; x_wconf 87' lang='lat' dir='ltr'><strong>uestes</strong></span> <span class='ocrx_word' id='word_1_18' title='bbox 802 491 918 533; x_wconf 91' lang='lat' dir='ltr'><strong>annona</strong></span> <span class='ocrx_word' id='word_1_19' title='bbox 937 473 973 532; x_wconf 92' lang='lat' dir='ltr'><strong>ad</strong></span> <span class='ocrx_word' id='word_1_20' title='bbox 987 490 1090 534; x_wconf 90' lang='lat' dir='ltr'><strong>curam</strong></span> <span class='ocrx_word' id='word_1_21' title='bbox 1109 475 1209 551; x_wconf 90' lang='lat' dir='ltr'><strong>ipsius</strong></span> 
     </span>
     <span class='ocr_line' id='line_1_4' title="bbox 190 560 1209 643; baseline -0.002 -19"><span class='ocrx_word' id='word_1_22' title='bbox 190 562 367 643; x_wconf 75' lang='lat' dir='ltr'><strong>pertinebat.</strong></span> <span class='ocrx_word' id='word_1_23' title='bbox 399 561 579 642; x_wconf 84' lang='lat' dir='ltr'><strong>Disciplinae</strong></span> <span class='ocrx_word' id='word_1_24' title='bbox 598 564 752 642; x_wconf 87' lang='lat' dir='ltr'><strong>seueritas,</strong></span> <span class='ocrx_word' id='word_1_25' title='bbox 771 564 945 624; x_wconf 86' lang='lat' dir='ltr'><strong>exercitatio</strong></span> <span class='ocrx_word' id='word_1_26' title='bbox 963 579 1024 621; x_wconf 93' lang='lat' dir='ltr'><strong>non</strong></span> <span class='ocrx_word' id='word_1_27' title='bbox 1038 560 1135 622; x_wconf 87' lang='lat' dir='ltr'><strong>solum</strong></span> <span class='ocrx_word' id='word_1_28' title='bbox 1156 581 1209 641; x_wconf 91' lang='lat' dir='ltr'><strong>pe·</strong></span> 
     </span>
     <span class='ocr_line' id='line_1_5' title="bbox 192 649 1209 729; baseline 0 -17"><span class='ocrx_word' id='word_1_29' title='bbox 192 652 287 713; x_wconf 91' lang='lat' dir='ltr'><strong>ditum</strong></span> <span class='ocrx_word' id='word_1_30' title='bbox 305 651 358 712; x_wconf 89' lang='lat' dir='ltr'><strong>sed</strong></span> <span class='ocrx_word' id='word_1_31' title='bbox 377 654 465 712; x_wconf 92' lang='lat' dir='ltr'><strong>etiam</strong></span> <span class='ocrx_word' id='word_1_32' title='bbox 484 653 620 729; x_wconf 91' lang='lat' dir='ltr'><strong>equitum</strong></span> <span class='ocrx_word' id='word_1_33' title='bbox 643 649 874 729; x_wconf 78' lang='lat' dir='ltr'><strong>legionariorum</strong></span> <span class='ocrx_word' id='word_1_34' title='bbox 892 658 1052 729; x_wconf 89' lang='lat' dir='ltr'><strong>praecepto</strong></span> <span class='ocrx_word' id='word_1_35' title='bbox 1071 652 1138 710; x_wconf 90' lang='lat' dir='ltr'><strong>eius</strong></span> <span class='ocrx_word' id='word_1_36' title='bbox 1157 669 1209 712; x_wconf 91' lang='lat' dir='ltr'><strong>co-</strong></span> 
     </span>
     <span class='ocr_line' id='line_1_6' title="bbox 164 739 1210 818; baseline -0.002 -16"><span class='ocrx_word' id='word_1_37' title='bbox 164 753 177 794; x_wconf 78' lang='lat'><strong>5</strong></span> <span class='ocrx_word' id='word_1_38' title='bbox 191 740 263 802; x_wconf 89' lang='lat' dir='ltr'><strong>tidie</strong></span> <span class='ocrx_word' id='word_1_39' title='bbox 278 740 447 801; x_wconf 76' lang='lat' dir='ltr'><strong>curabatur.</strong></span> <span class='ocrx_word' id='word_1_40' title='bbox 475 739 543 818; x_wconf 88' lang='lat' dir='ltr'><strong>lpse</strong></span> <span class='ocrx_word' id='word_1_41' title='bbox 557 747 657 800; x_wconf 86' lang='lat' dir='ltr'><strong>autem</strong></span> <span class='ocrx_word' id='word_1_42' title='bbox 671 741 770 801; x_wconf 83' lang='lat' dir='ltr'><strong>iustus</strong></span> <span class='ocrx_word' id='word_1_43' title='bbox 784 739 910 818; x_wconf 88' lang='lat' dir='ltr'><strong>diligens</strong></span> <span class='ocrx_word' id='word_1_44' title='bbox 925 739 1043 800; x_wconf 89' lang='lat' dir='ltr'><strong>sobrius</strong></span> <span class='ocrx_word' id='word_1_45' title='bbox 1057 739 1210 817; x_wconf 76' lang='lat' dir='ltr'>legionem</span> 
     </span>
     <span class='ocr_line' id='line_1_7' title="bbox 192 827 1209 910; baseline -0.002 -20"><span class='ocrx_word' id='word_1_46' title='bbox 192 829 249 890; x_wconf 92' lang='lat' dir='ltr'><strong>sibi</strong></span> <span class='ocrx_word' id='word_1_47' title='bbox 272 830 415 891; x_wconf 79' lang='lat' dir='ltr'><strong>creditam</strong></span> <span class='ocrx_word' id='word_1_48' title='bbox 439 827 570 888; x_wconf 83' lang='lat' dir='ltr'><strong>adsiduis</strong></span> <span class='ocrx_word' id='word_1_49' title='bbox 594 827 735 907; x_wconf 91' lang='lat' dir='ltr'><strong>operibns</strong></span> <span class='ocrx_word' id='word_1_50' title='bbox 754 828 791 889; x_wconf 96' lang='lat' dir='ltr'><strong>ad</strong></span> <span class='ocrx_word' id='word_1_51' title='bbox 809 845 928 888; x_wconf 91' lang='lat' dir='ltr'><strong>omnem</strong></span> <span class='ocrx_word' id='word_1_52' title='bbox 947 827 1148 910; x_wconf 89' lang='lat' dir='ltr'><strong>deuotionem,</strong></span> <span class='ocrx_word' id='word_1_53' title='bbox 1169 828 1209 888; x_wconf 92' lang='lat' dir='ltr'><strong>ad</strong></span> 
     </span>
     <span class='ocr_line' id='line_1_8' title="bbox 192 915 1209 997; baseline -0.002 -18"><span class='ocrx_word' id='word_1_54' title='bbox 192 936 310 978; x_wconf 91' lang='lat' dir='ltr'><strong>omnem</strong></span> <span class='ocrx_word' id='word_1_55' title='bbox 324 917 471 978; x_wconf 79' lang='lat' dir='ltr'><strong>formabat</strong></span> <span class='ocrx_word' id='word_1_56' title='bbox 483 916 671 997; x_wconf 86' lang='lat' dir='ltr'><strong>industriam,</strong></span> <span class='ocrx_word' id='word_1_57' title='bbox 686 919 784 977; x_wconf 89' lang='lat' dir='ltr'><strong>sciens</strong></span> <span class='ocrx_word' id='word_1_58' title='bbox 797 917 835 977; x_wconf 89' lang='lat' dir='ltr'><strong>ad</strong></span> <span class='ocrx_word' id='word_1_59' title='bbox 849 917 991 996; x_wconf 80' lang='lat' dir='ltr'><strong>praefecti</strong></span> <span class='ocrx_word' id='word_1_60' title='bbox 1006 915 1123 976; x_wconf 92' lang='lat' dir='ltr'><strong>laudem</strong></span> <span class='ocrx_word' id='word_1_61' title='bbox 1136 915 1209 977; x_wconf 83' lang='lat' dir='ltr'><strong>snb·</strong></span> 
     </span>
     <span class='ocr_line' id='line_1_9' title="bbox 84 1005 1211 1087; baseline -0.001 -21"><span class='ocrx_word' id='word_1_62' title='bbox 84 1047 184 1080; x_wconf 55' lang='lat' dir='ltr'><strong>Md,</strong></span> <span class='ocrx_word' id='word_1_63' title='bbox 196 1009 445 1087; x_wconf 54' lang='lat' dir='ltr'><strong>ffliectorum</strong></span> <span class='ocrx_word' id='word_1_64' title='bbox 454 1005 623 1065; x_wconf 89' lang='lat' dir='ltr'><strong>redundare</strong></span> <span class='ocrx_word' id='word_1_65' title='bbox 633 1007 787 1066; x_wconf 86' lang='lat' dir='ltr'><strong>uirtutem.</strong></span> <span class='ocrx_word' id='word_1_66' title='bbox 809 1005 844 1066; x_wconf 85' lang='lat' dir='ltr'><strong>X.</strong></span> <span class='ocrx_word' id='word_1_67' title='bbox 858 1005 930 1066; x_wconf 86' lang='lat' dir='ltr'><strong>Erat</strong></span> <span class='ocrx_word' id='word_1_68' title='bbox 940 1009 1029 1066; x_wconf 90' lang='lat' dir='ltr'><strong>etiam</strong></span> <span class='ocrx_word' id='word_1_69' title='bbox 1039 1012 1211 1066; x_wconf 89' lang='lat' dir='ltr'><strong>castrorum</strong></span> 
     </span>
     <span class='ocr_line' id='line_1_10' title="bbox 85 1093 1211 1176; baseline -0.002 -21"><span class='ocrx_word' id='word_1_70' title='bbox 85 1093 200 1125; x_wconf 72' lang='lat'><strong>⁰¹⁸‘¹⁰¹¹¹²”·</strong></span> <span class='ocrx_word' id='word_1_71' title='bbox 298 1095 482 1176; x_wconf 81' lang='lat' dir='ltr'><strong>praefectus,</strong></span> <span class='ocrx_word' id='word_1_72' title='bbox 506 1093 576 1154; x_wconf 88' lang='lat' dir='ltr'><strong>licet</strong></span> <span class='ocrx_word' id='word_1_73' title='bbox 597 1094 722 1154; x_wconf 80' lang='lat' dir='ltr'><strong>inferior</strong></span> <span class='ocrx_word' id='word_1_74' title='bbox 741 1095 897 1175; x_wconf 74' lang='lat' dir='ltr'><strong>dignitate,</strong></span> <span class='ocrx_word' id='word_1_75' title='bbox 920 1101 1083 1172; x_wconf 87' lang='lat' dir='ltr'><strong>occupatus</strong></span> <span class='ocrx_word' id='word_1_76' title='bbox 1106 1102 1211 1154; x_wconf 91' lang='lat' dir='ltr'><strong>tamen</strong></span> 
     </span>
     <span class='ocr_line' id='line_1_11' title="bbox 152 1181 1213 1263; baseline -0.002 -19"><span class='ocrx_word' id='word_1_77' title='bbox 152 1199 178 1238; x_wconf 82' lang='grc' dir='ltr'><strong>ιο</strong></span> <span class='ocrx_word' id='word_1_78' title='bbox 192 1203 253 1245; x_wconf 92' lang='lat' dir='ltr'><strong>non</strong></span> <span class='ocrx_word' id='word_1_79' title='bbox 267 1182 469 1244; x_wconf 78' lang='lat' dir='ltr'><strong>medIocn‘bns</strong></span> <span class='ocrx_word' id='word_1_80' title='bbox 487 1185 594 1263; x_wconf 89' lang='lat' dir='ltr'><strong>causis,</strong></span> <span class='ocrx_word' id='word_1_81' title='bbox 613 1182 649 1243; x_wconf 85' lang='lat' dir='ltr'><strong>ad</strong></span> <span class='ocrx_word' id='word_1_82' title='bbox 669 1201 758 1261; x_wconf 93' lang='lat' dir='ltr'><strong>quem</strong></span> <span class='ocrx_word' id='word_1_83' title='bbox 775 1192 942 1244; x_wconf 84' lang='lat' dir='ltr'><strong>castrorum</strong></span> <span class='ocrx_word' id='word_1_84' title='bbox 956 1184 1074 1262; x_wconf 91' lang='lat' dir='ltr'><strong>positio,</strong></span> <span class='ocrx_word' id='word_1_85' title='bbox 1088 1181 1159 1242; x_wconf 89' lang='lat' dir='ltr'><strong>ualli</strong></span> <span class='ocrx_word' id='word_1_86' title='bbox 1178 1190 1213 1242; x_wconf 90' lang='lat' dir='ltr'><strong>et</strong></span> 
     </span>
     <span class='ocr_line' id='line_1_12' title="bbox 192 1270 1212 1350; baseline -0.001 -17"><span class='ocrx_word' id='word_1_87' title='bbox 192 1275 289 1334; x_wconf 82' lang='lat' dir='ltr'><strong>fossae</strong></span> <span class='ocrx_word' id='word_1_88' title='bbox 303 1274 470 1333; x_wconf 76' lang='lat' dir='ltr'><strong>aestimatio</strong></span> <span class='ocrx_word' id='word_1_89' title='bbox 488 1271 666 1350; x_wconf 88' lang='lat' dir='ltr'><strong>pertinebat.</strong></span> <span class='ocrx_word' id='word_1_90' title='bbox 698 1271 902 1332; x_wconf 87' lang='lat' dir='ltr'><strong>Tabernacnla</strong></span> <span class='ocrx_word' id='word_1_91' title='bbox 915 1271 965 1332; x_wconf 90' lang='lat' dir='ltr'><strong>uel</strong></span> <span class='ocrx_word' id='word_1_92' title='bbox 979 1289 1064 1332; x_wconf 91' lang='lat' dir='ltr'><strong>casae</strong></span> <span class='ocrx_word' id='word_1_93' title='bbox 1078 1270 1212 1332; x_wconf 88' lang='lat' dir='ltr'><strong>militnm</strong></span> 
     </span>
     <span class='ocr_line' id='line_1_13' title="bbox 192 1358 1212 1441; baseline -0.003 -19"><span class='ocrx_word' id='word_1_94' title='bbox 192 1380 261 1422; x_wconf 90' lang='lat' dir='ltr'><strong>cum</strong></span> <span class='ocrx_word' id='word_1_95' title='bbox 284 1361 494 1441; x_wconf 88' lang='lat' dir='ltr'><strong>inpedimentis</strong></span> <span class='ocrx_word' id='word_1_96' title='bbox 518 1359 657 1421; x_wconf 89' lang='lat' dir='ltr'><strong>omnibus</strong></span> <span class='ocrx_word' id='word_1_97' title='bbox 679 1369 754 1422; x_wconf 90' lang='lat' dir='ltr'><strong>nutu</strong></span> <span class='ocrx_word' id='word_1_98' title='bbox 778 1363 873 1440; x_wconf 87' lang='lat' dir='ltr'><strong>ipsius</strong></span> <span class='ocrx_word' id='word_1_99' title='bbox 892 1359 1081 1420; x_wconf 83' lang='lat' dir='ltr'><strong>curabantur.</strong></span> <span class='ocrx_word' id='word_1_100' title='bbox 1119 1358 1212 1420; x_wconf 85' lang='lat' dir='ltr'><strong>Prae-</strong></span> 
     </span>
     <span class='ocr_line' id='line_1_14' title="bbox 192 1447 1210 1530; baseline -0.003 -19"><span class='ocrx_word' id='word_1_101' title='bbox 192 1461 274 1512; x_wconf 89' lang='lat' dir='ltr'><strong>terea</strong></span> <span class='ocrx_word' id='word_1_102' title='bbox 297 1453 379 1529; x_wconf 85' lang='lat' dir='ltr'><strong>aegri</strong></span> <span class='ocrx_word' id='word_1_103' title='bbox 402 1448 631 1510; x_wconf 88' lang='lat' dir='ltr'><strong>contubernales</strong></span> <span class='ocrx_word' id='word_1_104' title='bbox 653 1456 685 1509; x_wconf 90' lang='lat' dir='ltr'><strong>et</strong></span> <span class='ocrx_word' id='word_1_105' title='bbox 708 1448 824 1530; x_wconf 90' lang='lat' dir='ltr'><strong>medici,</strong></span> <span class='ocrx_word' id='word_1_106' title='bbox 847 1467 863 1509; x_wconf 86' lang='lat' dir='ltr'><strong>a</strong></span> <span class='ocrx_word' id='word_1_107' title='bbox 885 1448 994 1528; x_wconf 90' lang='lat' dir='ltr'><strong>quibus</strong></span> <span class='ocrx_word' id='word_1_108' title='bbox 1015 1447 1210 1529; x_wconf 86' lang='lat' dir='ltr'><strong>curabantur,</strong></span> 
     </span>
     <span class='ocr_line' id='line_1_15' title="bbox 192 1535 1291 1620; baseline -0.003 -20"><span class='ocrx_word' id='word_1_109' title='bbox 192 1558 339 1620; x_wconf 85' lang='lat' dir='ltr'><strong>expensae</strong></span> <span class='ocrx_word' id='word_1_110' title='bbox 368 1541 457 1599; x_wconf 90' lang='lat' dir='ltr'><strong>etiam</strong></span> <span class='ocrx_word' id='word_1_111' title='bbox 480 1537 516 1597; x_wconf 93' lang='lat' dir='ltr'><strong>ad</strong></span> <span class='ocrx_word' id='word_1_112' title='bbox 540 1540 605 1599; x_wconf 83' lang='lat' dir='ltr'><strong>eino</strong></span> <span class='ocrx_word' id='word_1_113' title='bbox 627 1537 805 1599; x_wconf 89' lang='lat' dir='ltr'><strong>industriam</strong></span> <span class='ocrx_word' id='word_1_114' title='bbox 832 1537 1030 1618; x_wconf 87' lang='lat' dir='ltr'><strong>pertinebant.</strong></span> <span class='ocrx_word' id='word_1_115' title='bbox 1066 1535 1211 1597; x_wconf 86' lang='lat' dir='ltr'><strong>Vehicuia</strong></span> <span class='ocrx_word' id='word_1_116' title='bbox 1290 1611 1291 1618; x_wconf 8' lang='grc' dir='ltr'>ἵ</span> 
     </span>
     <span class='ocr_line' id='line_1_16' title="bbox 152 1626 1210 1708; baseline 0.004 -26"><span class='ocrx_word' id='word_1_117' title='bbox 152 1642 178 1682; x_wconf 83' lang='lat'><strong>15</strong></span> <span class='ocrx_word' id='word_1_118' title='bbox 194 1630 332 1706; x_wconf 89' lang='lat' dir='ltr'><strong>sagmarii</strong></span> <span class='ocrx_word' id='word_1_119' title='bbox 350 1645 469 1687; x_wconf 85' lang='lat' dir='ltr'><strong>necnon</strong></span> <span class='ocrx_word' id='word_1_120' title='bbox 487 1628 577 1686; x_wconf 90' lang='lat' dir='ltr'><strong>etiam</strong></span> <span class='ocrx_word' id='word_1_121' title='bbox 596 1627 784 1708; x_wconf 80' lang='lat' dir='ltr'><strong>ferramenta,</strong></span> <span class='ocrx_word' id='word_1_122' title='bbox 804 1626 914 1705; x_wconf 87' lang='lat' dir='ltr'><strong>quibus</strong></span> <span class='ocrx_word' id='word_1_123' title='bbox 931 1627 1072 1687; x_wconf 87' lang='lat' dir='ltr'><strong>materies</strong></span> <span class='ocrx_word' id='word_1_124' title='bbox 1086 1634 1210 1686; x_wconf 81' lang='lat' dir='ltr'><strong>secatur</strong></span> 
     </span>
     <span class='ocr_line' id='line_1_17' title="bbox 193 1713 1211 1797; baseline -0.002 -21"><span class='ocrx_word' id='word_1_125' title='bbox 193 1715 242 1777; x_wconf 90' lang='lat' dir='ltr'><strong>uel</strong></span> <span class='ocrx_word' id='word_1_126' title='bbox 257 1717 399 1795; x_wconf 88' lang='lat' dir='ltr'><strong>caeditur,</strong></span> <span class='ocrx_word' id='word_1_127' title='bbox 417 1714 585 1794; x_wconf 86' lang='lat' dir='ltr'><strong>quibusque</strong></span> <span class='ocrx_word' id='word_1_128' title='bbox 600 1718 776 1794; x_wconf 91' lang='lat' dir='ltr'><strong>aperiuntur</strong></span> <span class='ocrx_word' id='word_1_129' title='bbox 791 1716 897 1797; x_wconf 78' lang='lat' dir='ltr'><strong>fossae,</strong></span> <span class='ocrx_word' id='word_1_130' title='bbox 911 1717 1080 1776; x_wconf 77' lang='lat' dir='ltr'><strong>contexitur</strong></span> <span class='ocrx_word' id='word_1_131' title='bbox 1095 1713 1211 1775; x_wconf 91' lang='lat' dir='ltr'><strong>uallum</strong></span> 
     </span>
     <span class='ocr_line' id='line_1_18' title="bbox 193 1802 1211 1884; baseline -0.003 -19"><span class='ocrx_word' id='word_1_132' title='bbox 193 1804 410 1884; x_wconf 88' lang='lat' dir='ltr'><strong>aquaeductus,</strong></span> <span class='ocrx_word' id='word_1_133' title='bbox 434 1806 505 1864; x_wconf 91' lang='lat' dir='ltr'><strong>item</strong></span> <span class='ocrx_word' id='word_1_134' title='bbox 533 1803 612 1882; x_wconf 87' lang='lat' dir='ltr'><strong>ligna</strong></span> <span class='ocrx_word' id='word_1_135' title='bbox 635 1805 685 1864; x_wconf 92' lang='lat' dir='ltr'><strong>uel</strong></span> <span class='ocrx_word' id='word_1_136' title='bbox 713 1806 853 1865; x_wconf 89' lang='lat' dir='ltr'><strong>stramina</strong></span> <span class='ocrx_word' id='word_1_137' title='bbox 882 1805 991 1865; x_wconf 88' lang='lat' dir='ltr'><strong>arictes</strong></span> <span class='ocrx_word' id='word_1_138' title='bbox 1018 1805 1122 1881; x_wconf 88' lang='lat' dir='ltr'><strong>onagri</strong></span> <span class='ocrx_word' id='word_1_139' title='bbox 1145 1802 1211 1863; x_wconf 88' lang='lat' dir='ltr'><strong>bal-</strong></span> 
     </span>
     <span class='ocr_line' id='line_1_19' title="bbox 193 1890 1212 1973; baseline -0.001 -21"><span class='ocrx_word' id='word_1_140' title='bbox 193 1892 278 1953; x_wconf 87' lang='lat' dir='ltr'><strong>listae</strong></span> <span class='ocrx_word' id='word_1_141' title='bbox 293 1901 452 1971; x_wconf 90' lang='lat' dir='ltr'><strong>ceteraque</strong></span> <span class='ocrx_word' id='word_1_142' title='bbox 468 1910 577 1972; x_wconf 89' lang='lat' dir='ltr'><strong>genera</strong></span> <span class='ocrx_word' id='word_1_143' title='bbox 591 1900 810 1954; x_wconf 90' lang='lat' dir='ltr'><strong>tormentorum</strong></span> <span class='ocrx_word' id='word_1_144' title='bbox 828 1909 866 1953; x_wconf 91' lang='lat' dir='ltr'><strong>ne</strong></span> <span class='ocrx_word' id='word_1_145' title='bbox 885 1892 1024 1953; x_wconf 87' lang='lat' dir='ltr'><strong>deessent</strong></span> <span class='ocrx_word' id='word_1_146' title='bbox 1040 1890 1212 1973; x_wconf 91' lang='lat' dir='ltr'><strong>aliquando,</strong></span> 
     </span>
    </p>
   </div>
   <div class='ocr_carea' id='block_1_3' title="bbox 191 2062 1215 2560">
    <p class='ocr_par' dir='ltr' id='par_1_3' title="bbox 191 2062 1215 2419">
     <span class='ocr_line' id='line_1_20' title="bbox 209 2062 1215 2134; baseline 0 -16"><span class='ocrx_word' id='word_1_147' title='bbox 209 2065 243 2121; x_wconf 90' lang='lat' dir='ltr'><strong>V.</strong></span> <span class='ocrx_word' id='word_1_148' title='bbox 258 2068 289 2121; x_wconf 90' lang='lat' dir='ltr'><strong>L.</strong></span> <span class='ocrx_word' id='word_1_149' title='bbox 333 2065 430 2134; x_wconf 86' lang='lat' dir='ltr'><strong>ldep.</strong></span> <span class='ocrx_word' id='word_1_150' title='bbox 450 2063 648 2132; x_wconf 77' lang='lat' dir='ltr'><strong>atribotdpo</strong></span> <span class='ocrx_word' id='word_1_151' title='bbox 689 2080 769 2118; x_wconf 77' lang='lat' dir='ltr'><strong>arma</strong></span> <span class='ocrx_word' id='word_1_152' title='bbox 786 2065 882 2118; x_wconf 83' lang='lat' dir='ltr'><strong>autem</strong></span> <span class='ocrx_word' id='word_1_153' title='bbox 897 2080 970 2118; x_wconf 90' lang='lat' dir='ltr'><strong>omn.</strong></span> <span class='ocrx_word' id='word_1_154' title='bbox 986 2064 1015 2117; x_wconf 92' lang='lat' dir='ltr'><em>P</em></span> <span class='ocrx_word' id='word_1_155' title='bbox 1053 2062 1171 2118; x_wconf 75' lang='lat' dir='ltr'><strong>euertit</strong></span> <span class='ocrx_word' id='word_1_156' title='bbox 1182 2067 1215 2118; x_wconf 90' lang='lat' dir='ltr'><em>H</em></span> 
     </span>
     <span class='ocr_line' id='line_1_21' title="bbox 191 2132 1211 2206; baseline -0.004 -14"><span class='ocrx_word' id='word_1_157' title='bbox 191 2136 284 2192; x_wconf 78' lang='lat' dir='ltr'><strong>uestes</strong></span> <span class='ocrx_word' id='word_1_158' title='bbox 299 2138 328 2192; x_wconf 87' lang='lat' dir='ltr'><strong>et</strong></span> <span class='ocrx_word' id='word_1_159' title='bbox 345 2137 430 2206; x_wconf 73' lang='lat' dir='ltr'><strong>culpo</strong></span> <span class='ocrx_word' id='word_1_160' title='bbox 512 2135 727 2205; x_wconf 80' lang='lat' dir='ltr'><strong>3pertinebant</strong></span> <span class='ocrx_word' id='word_1_161' title='bbox 743 2135 807 2188; x_wconf 76' lang='lat' dir='ltr'><strong><em>th</em></strong></span> <span class='ocrx_word' id='word_1_162' title='bbox 872 2132 1023 2206; x_wconf 80' lang='lat' dir='ltr'><strong>seueritas]</strong></span> <span class='ocrx_word' id='word_1_163' title='bbox 1041 2133 1087 2189; x_wconf 85' lang='lat' dir='ltr'><strong>ins</strong></span> <span class='ocrx_word' id='word_1_164' title='bbox 1102 2132 1159 2203; x_wconf 84' lang='lat' dir='ltr'><strong>(uis</strong></span> <span class='ocrx_word' id='word_1_165' title='bbox 1168 2133 1211 2203; x_wconf 93' lang='lat' dir='ltr'><strong>D)</strong></span> 
     </span>
     <span class='ocr_line' id='line_1_22' title="bbox 192 2203 1212 2276; baseline -0.004 -13"><span class='ocrx_word' id='word_1_166' title='bbox 192 2211 221 2263; x_wconf 89' lang='lat' dir='ltr'><strong>et</strong></span> <span class='ocrx_word' id='word_1_167' title='bbox 238 2206 374 2264; x_wconf 82' lang='lat' dir='ltr'><strong>seueritas</strong></span> <span class='ocrx_word' id='word_1_168' title='bbox 389 2207 436 2261; x_wconf 82' lang='lat' dir='ltr'><strong>eP</strong></span> <span class='ocrx_word' id='word_1_169' title='bbox 450 2204 610 2261; x_wconf 80' lang='lat' dir='ltr'><strong>seueritatis</strong></span> <span class='ocrx_word' id='word_1_170' title='bbox 624 2210 638 2259; x_wconf 84' lang='lat' dir='ltr'><strong>t</strong></span> <span class='ocrx_word' id='word_1_171' title='bbox 693 2203 857 2260; x_wconf 81' lang='lat' dir='ltr'><strong>exercitatio</strong></span> <span class='ocrx_word' id='word_1_172' title='bbox 872 2205 960 2259; x_wconf 85' lang='lat' dir='ltr'><strong>HVP</strong></span> <span class='ocrx_word' id='word_1_173' title='bbox 974 2203 1110 2260; x_wconf 88' lang='lat' dir='ltr'><strong>exercitio</strong></span> <span class='ocrx_word' id='word_1_174' title='bbox 1124 2205 1212 2276; x_wconf 79' lang='lat' dir='ltr'><strong>o’QD</strong></span> 
     </span>
     <span class='ocr_line' id='line_1_23' title="bbox 191 2274 1155 2334; baseline -0.004 -1"><span class='ocrx_word' id='word_1_175' title='bbox 191 2279 326 2334; x_wconf 89' lang='lat' dir='ltr'><strong>exercitio</strong></span> <span class='ocrx_word' id='word_1_176' title='bbox 340 2295 408 2333; x_wconf 72' lang='lat' dir='ltr'><strong>corr,</strong></span> <span class='ocrx_word' id='word_1_177' title='bbox 424 2279 456 2332; x_wconf 82' lang='lat' dir='ltr'><strong>io</strong></span> <span class='ocrx_word' id='word_1_178' title='bbox 469 2275 604 2332; x_wconf 83' lang='lat' dir='ltr'><strong>exercitia</strong></span> <span class='ocrx_word' id='word_1_179' title='bbox 618 2276 645 2330; x_wconf 90' lang='lat' dir='ltr'><strong><em>L</em></strong></span> <span class='ocrx_word' id='word_1_180' title='bbox 659 2274 792 2331; x_wconf 81' lang='lat' dir='ltr'><strong>exercitia</strong></span> <span class='ocrx_word' id='word_1_181' title='bbox 807 2276 833 2331; x_wconf 74' lang='lat' dir='ltr'><em>G</em></span> <span class='ocrx_word' id='word_1_182' title='bbox 884 2281 900 2330; x_wconf 83' lang='lat'><strong>5</strong></span> <span class='ocrx_word' id='word_1_183' title='bbox 915 2276 1085 2330; x_wconf 78' lang='lat' dir='ltr'><strong>curabantur</strong></span> <span class='ocrx_word' id='word_1_184' title='bbox 1098 2275 1155 2329; x_wconf 83' lang='lat' dir='ltr'><strong>HL</strong></span> 
     </span>
     <span class='ocr_line' id='line_1_24' title="bbox 191 2346 1211 2419; baseline -0.001 -16"><span class='ocrx_word' id='word_1_185' title='bbox 191 2350 280 2406; x_wconf 82' lang='lat' dir='ltr'><strong>initui</strong></span> <span class='ocrx_word' id='word_1_186' title='bbox 295 2353 327 2403; x_wconf 92' lang='grc' dir='ltr'><em>Π</em></span> <span class='ocrx_word' id='word_1_187' title='bbox 342 2348 435 2403; x_wconf 75' lang='lat' dir='ltr'><strong>custus</strong></span> <span class='ocrx_word' id='word_1_188' title='bbox 445 2349 512 2419; x_wconf 67' lang='grc' dir='ltr'><strong>Μρι</strong></span> <span class='ocrx_word' id='word_1_189' title='bbox 526 2347 618 2402; x_wconf 81' lang='lat' dir='ltr'><strong>custos</strong></span> <span class='ocrx_word' id='word_1_190' title='bbox 633 2347 696 2401; x_wconf 84' lang='lat' dir='ltr'><strong>A&#39;L</strong></span> <span class='ocrx_word' id='word_1_191' title='bbox 713 2346 816 2400; x_wconf 85' lang='lat' dir='ltr'><strong>initum</strong></span> <span class='ocrx_word' id='word_1_192' title='bbox 829 2347 876 2401; x_wconf 86' lang='lat' dir='ltr'><strong>cP</strong></span> <span class='ocrx_word' id='word_1_193' title='bbox 938 2348 964 2400; x_wconf 88' lang='lat' dir='ltr'><strong>d.</strong></span> <span class='ocrx_word' id='word_1_194' title='bbox 985 2349 1015 2401; x_wconf 90' lang='lat' dir='ltr'><strong>et</strong></span> <span class='ocrx_word' id='word_1_195' title='bbox 1033 2348 1105 2402; x_wconf 85' lang='lat' dir='ltr'><strong>sobr.</strong></span> <span class='ocrx_word' id='word_1_196' title='bbox 1124 2349 1211 2415; x_wconf 68' lang='lat' dir='ltr'><strong>culpo</strong></span> 
     </span>
    </p>

    <p class='ocr_par' dir='ltr' id='par_1_4' title="bbox 192 2417 1211 2560">
     <span class='ocr_line' id='line_1_25' title="bbox 246 2417 1211 2488; baseline -0.004 -12"><span class='ocrx_word' id='word_1_197' title='bbox 246 2427 262 2476; x_wconf 81' lang='grc'><strong>6</strong></span> <span class='ocrx_word' id='word_1_198' title='bbox 281 2421 318 2475; x_wconf 83' lang='lat' dir='ltr'><strong>ad</strong></span> <span class='ocrx_word' id='word_1_199' title='bbox 336 2436 447 2475; x_wconf 88' lang='lat' dir='ltr'><strong>omnem</strong></span> <span class='ocrx_word' id='word_1_200' title='bbox 466 2417 647 2474; x_wconf 86' lang='lat' dir='ltr'><strong>deuotionem</strong></span> <span class='ocrx_word' id='word_1_201' title='bbox 665 2417 842 2474; x_wconf 81' lang='lat' dir='ltr'><strong>adiormabat</strong></span> <span class='ocrx_word' id='word_1_202' title='bbox 854 2417 1047 2474; x_wconf 82' lang='lat' dir='ltr'><strong>indultriame</strong></span> <span class='ocrx_word' id='word_1_203' title='bbox 1102 2423 1118 2472; x_wconf 89' lang='lat'>8</span> <span class='ocrx_word' id='word_1_204' title='bbox 1137 2418 1211 2488; x_wconf 80' lang='lat' dir='ltr'><strong>red}</strong></span> 
     </span>
     <span class='ocr_line' id='line_1_26' title="bbox 192 2488 1211 2560; baseline 0 -17"><span class='ocrx_word' id='word_1_205' title='bbox 192 2490 342 2546; x_wconf 84' lang='lat' dir='ltr'><strong>secundare</strong></span> <span class='ocrx_word' id='word_1_206' title='bbox 362 2490 397 2559; x_wconf 72' lang='lat' dir='ltr'><strong>G,</strong></span> <span class='ocrx_word' id='word_1_207' title='bbox 473 2488 536 2544; x_wconf 71' lang='lat' dir='ltr'><strong>Cur.</strong></span> <span class='ocrx_word' id='word_1_208' title='bbox 556 2489 589 2544; x_wconf 87' lang='lat' dir='ltr'><strong>X.</strong></span> <span class='ocrx_word' id='word_1_209' title='bbox 645 2494 678 2542; x_wconf 77' lang='lat'><strong>12</strong></span> <span class='ocrx_word' id='word_1_210' title='bbox 698 2489 868 2544; x_wconf 83' lang='lat' dir='ltr'><strong>curabantur</strong></span> <span class='ocrx_word' id='word_1_211' title='bbox 887 2489 907 2560; x_wconf 92' lang='lat'><strong>[.</strong></span> <span class='ocrx_word' id='word_1_212' title='bbox 925 2490 1211 2545; x_wconf 82' lang='lat' dir='ltr'><strong>Praetereo-curn-</strong></span> 
     </span>
    </p>
   </div>
   <div class='ocr_carea' id='block_1_4' title="bbox 191 2581 1216 3260">
    <p class='ocr_par' dir='ltr' id='par_1_5' title="bbox 191 2581 1211 2684">
     <span class='ocr_line' id='line_1_27' title="bbox 191 2581 1211 2684; baseline 0 -15"><span class='ocrx_word' id='word_1_213' title='bbox 191 2613 306 2684; x_wconf 84' lang='lat' dir='ltr'><strong>bantnr]</strong></span> <span class='ocrx_word' id='word_1_214' title='bbox 326 2616 354 2666; x_wconf 88' lang='grc' dir='ltr'><strong>Π</strong></span> <span class='ocrx_word' id='word_1_215' title='bbox 419 2617 452 2667; x_wconf 77' lang='grc'><strong>15</strong></span> <span class='ocrx_word' id='word_1_216' title='bbox 470 2613 627 2683; x_wconf 81' lang='lat' dir='ltr'><strong>sagmatum</strong></span> <span class='ocrx_word' id='word_1_217' title='bbox 645 2611 660 2666; x_wconf 84' lang='lat' dir='ltr'><strong>t</strong></span> <span class='ocrx_word' id='word_1_218' title='bbox 718 2613 838 2684; x_wconf 80' lang='lat' dir='ltr'><strong>secatur]</strong></span> <span class='ocrx_word' id='word_1_219' title='bbox 858 2581 966 2669; x_wconf 70' lang='lat' dir='ltr'><strong>secabnr</strong></span> <span class='ocrx_word' id='word_1_220' title='bbox 984 2616 1015 2667; x_wconf 91' lang='grc' dir='ltr'>Π</span> <span class='ocrx_word' id='word_1_221' title='bbox 1030 2612 1151 2667; x_wconf 83' lang='lat' dir='ltr'><strong>ferratur</strong></span> <span class='ocrx_word' id='word_1_222' title='bbox 1169 2614 1211 2669; x_wconf 74' lang='lat' dir='ltr'><strong>st.</strong></span> 
     </span>
    </p>

    <p class='ocr_par' dir='ltr' id='par_1_6' title="bbox 248 2683 1211 2755">
     <span class='ocr_line' id='line_1_28' title="bbox 248 2683 1211 2755; baseline 0.001 -16"><span class='ocrx_word' id='word_1_223' title='bbox 248 2690 280 2739; x_wconf 78' lang='grc'><strong>16</strong></span> <span class='ocrx_word' id='word_1_224' title='bbox 301 2683 437 2739; x_wconf 88' lang='lat' dir='ltr'><strong>ceduntur</strong></span> <span class='ocrx_word' id='word_1_225' title='bbox 455 2687 486 2737; x_wconf 92' lang='grc' dir='ltr'><em>Π</em></span> <span class='ocrx_word' id='word_1_226' title='bbox 502 2685 548 2738; x_wconf 81' lang='lat' dir='ltr'><strong>aed</strong></span> <span class='ocrx_word' id='word_1_227' title='bbox 566 2701 603 2738; x_wconf 88' lang='lat' dir='ltr'><strong>un</strong></span> <span class='ocrx_word' id='word_1_228' title='bbox 622 2684 654 2738; x_wconf 81' lang='lat' dir='ltr'><strong>tn</strong></span> <span class='ocrx_word' id='word_1_229' title='bbox 672 2685 688 2738; x_wconf 85' lang='lat' dir='ltr'><strong>l.</strong></span> <span class='ocrx_word' id='word_1_230' title='bbox 708 2702 744 2740; x_wconf 84' lang='lat' dir='ltr'><strong>er.</strong></span> <span class='ocrx_word' id='word_1_231' title='bbox 750 2706 761 2752; x_wconf 90' lang='lat'><em>;</em></span> <span class='ocrx_word' id='word_1_232' title='bbox 778 2686 867 2740; x_wconf 78' lang='lat' dir='ltr'><strong>subest</strong></span> <span class='ocrx_word' id='word_1_233' title='bbox 884 2685 895 2738; x_wconf 95' lang='lat' dir='ltr'><strong>i</strong></span> <span class='ocrx_word' id='word_1_234' title='bbox 949 2683 1106 2753; x_wconf 87' lang='lat' dir='ltr'><strong>quibusque</strong></span> <span class='ocrx_word' id='word_1_235' title='bbox 1124 2687 1211 2755; x_wconf 70' lang='lat' dir='ltr'><strong>uulgo</strong></span> 
     </span>
    </p>

    <p class='ocr_par' dir='ltr' id='par_1_7' title="bbox 191 2754 1216 3260">
     <span class='ocr_line' id='line_1_29' title="bbox 246 2754 1212 2824; baseline 0.001 -14"><span class='ocrx_word' id='word_1_236' title='bbox 246 2754 404 2810; x_wconf 81' lang='lat' dir='ltr'><strong>contexitur</strong></span> <span class='ocrx_word' id='word_1_237' title='bbox 426 2755 534 2810; x_wconf 86' lang='lat' dir='ltr'><strong>uallum</strong></span> <span class='ocrx_word' id='word_1_238' title='bbox 558 2755 750 2823; x_wconf 83' lang='lat' dir='ltr'><strong>aquaeductus</strong></span> <span class='ocrx_word' id='word_1_239' title='bbox 764 2774 786 2809; x_wconf 79' lang='grc' dir='ltr'><em>π</em></span> <span class='ocrx_word' id='word_1_240' title='bbox 811 2754 975 2810; x_wconf 75' lang='lat' dir='ltr'><strong>contenitur</strong></span> <span class='ocrx_word' id='word_1_241' title='bbox 992 2756 1099 2810; x_wconf 89' lang='lat' dir='ltr'><strong>uallum</strong></span> <span class='ocrx_word' id='word_1_242' title='bbox 1118 2772 1212 2824; x_wconf 78' lang='lat' dir='ltr'><strong>aquae</strong></span> 
     </span>
     <span class='ocr_line' id='line_1_30' title="bbox 192 2825 1212 2895; baseline 0.001 -14"><span class='ocrx_word' id='word_1_243' title='bbox 192 2827 292 2882; x_wconf 78' lang='lat' dir='ltr'><strong>doctus</strong></span> <span class='ocrx_word' id='word_1_244' title='bbox 307 2828 335 2881; x_wconf 98' lang='lat' dir='ltr'><strong><em>A</em></strong></span> <span class='ocrx_word' id='word_1_245' title='bbox 358 2825 523 2882; x_wconf 84' lang='lat' dir='ltr'><strong>contessitnr</strong></span> <span class='ocrx_word' id='word_1_246' title='bbox 545 2845 571 2882; x_wconf 91' lang='lat' dir='ltr'><strong>u.</strong></span> <span class='ocrx_word' id='word_1_247' title='bbox 596 2842 685 2894; x_wconf 81' lang='lat' dir='ltr'><strong>aeque</strong></span> <span class='ocrx_word' id='word_1_248' title='bbox 708 2826 808 2882; x_wconf 85' lang='lat' dir='ltr'><strong>doetus</strong></span> <span class='ocrx_word' id='word_1_249' title='bbox 828 2827 867 2880; x_wconf 88' lang='lat' dir='ltr'><em>M</em></span> <span class='ocrx_word' id='word_1_250' title='bbox 887 2826 1051 2881; x_wconf 83' lang='lat' dir='ltr'><strong>conteffitnr</strong></span> <span class='ocrx_word' id='word_1_251' title='bbox 1073 2829 1154 2895; x_wconf 78' lang='lat' dir='ltr'><strong>(corr.</strong></span> <span class='ocrx_word' id='word_1_252' title='bbox 1178 2830 1212 2882; x_wconf 81' lang='lat' dir='ltr'><strong>ic</strong></span> 
     </span>
     <span class='ocr_line' id='line_1_31' title="bbox 192 2896 1211 2968; baseline 0.003 -17"><span class='ocrx_word' id='word_1_253' title='bbox 192 2897 359 2967; x_wconf 85' lang='lat' dir='ltr'><strong>contexitur)</strong></span> <span class='ocrx_word' id='word_1_254' title='bbox 383 2917 411 2951; x_wconf 91' lang='lat' dir='ltr'><strong>u.</strong></span> <span class='ocrx_word' id='word_1_255' title='bbox 435 2913 542 2966; x_wconf 81' lang='lat' dir='ltr'><strong>aequae</strong></span> <span class='ocrx_word' id='word_1_256' title='bbox 565 2896 667 2950; x_wconf 79' lang='lat' dir='ltr'><strong>ductus</strong></span> <span class='ocrx_word' id='word_1_257' title='bbox 684 2897 710 2950; x_wconf 83' lang='lat' dir='ltr'><strong><em>G</em></strong></span> <span class='ocrx_word' id='word_1_258' title='bbox 731 2896 895 2953; x_wconf 83' lang='lat' dir='ltr'><strong>conteffitus</strong></span> <span class='ocrx_word' id='word_1_259' title='bbox 910 2897 1022 2963; x_wconf 83' lang='lat' dir='ltr'><strong>(contos.</strong></span> <span class='ocrx_word' id='word_1_260' title='bbox 1042 2896 1111 2952; x_wconf 81' lang='lat' dir='ltr'><strong>situi</strong></span> <span class='ocrx_word' id='word_1_261' title='bbox 1125 2898 1165 2968; x_wconf 88' lang='lat' dir='ltr'><strong>L)</strong></span> <span class='ocrx_word' id='word_1_262' title='bbox 1182 2917 1211 2954; x_wconf 92' lang='lat' dir='ltr'><strong>u.</strong></span> 
     </span>
     <span class='ocr_line' id='line_1_32' title="bbox 191 2967 1212 3038; baseline 0.004 -17"><span class='ocrx_word' id='word_1_263' title='bbox 191 2984 281 3037; x_wconf 81' lang='lat' dir='ltr'><strong>aquae</strong></span> <span class='ocrx_word' id='word_1_264' title='bbox 297 2967 423 3023; x_wconf 86' lang='lat' dir='ltr'><strong>ductust</strong></span> <span class='ocrx_word' id='word_1_265' title='bbox 442 2967 600 3023; x_wconf 89' lang='lat' dir='ltr'><strong>contexitur</strong></span> <span class='ocrx_word' id='word_1_266' title='bbox 613 2985 639 3021; x_wconf 93' lang='lat' dir='ltr'><strong>u.</strong></span> <span class='ocrx_word' id='word_1_267' title='bbox 650 2973 680 3022; x_wconf 84' lang='lat' dir='ltr'><strong>et</strong></span> <span class='ocrx_word' id='word_1_268' title='bbox 692 2967 886 3037; x_wconf 79' lang='lat' dir='ltr'><strong>aquaeductui</strong></span> <span class='ocrx_word' id='word_1_269' title='bbox 896 2969 1091 3025; x_wconf 65' lang='lat' dir='ltr'><strong>Kortticouab</strong></span> <span class='ocrx_word' id='word_1_270' title='bbox 1107 2985 1212 3038; x_wconf 81' lang='lat' dir='ltr'><strong>equae-</strong></span> 
     </span>
     <span class='ocr_line' id='line_1_33' title="bbox 191 3037 1212 3108; baseline 0.001 -15"><span class='ocrx_word' id='word_1_271' title='bbox 191 3039 298 3107; x_wconf 83' lang='lat' dir='ltr'><strong>duetns,</strong></span> <span class='ocrx_word' id='word_1_272' title='bbox 313 3039 471 3093; x_wconf 83' lang='lat' dir='ltr'><strong>contexitur</strong></span> <span class='ocrx_word' id='word_1_273' title='bbox 479 3058 506 3093; x_wconf 87' lang='lat' dir='ltr'><strong>u.</strong></span> <span class='ocrx_word' id='word_1_274' title='bbox 519 3038 589 3094; x_wconf 74' lang='lat' dir='ltr'><strong>oon.</strong></span> <span class='ocrx_word' id='word_1_275' title='bbox 600 3037 757 3108; x_wconf 84' lang='lat' dir='ltr'><strong>consepitur</strong></span> <span class='ocrx_word' id='word_1_276' title='bbox 769 3039 879 3093; x_wconf 80' lang='lat' dir='ltr'><strong>uallum</strong></span> <span class='ocrx_word' id='word_1_277' title='bbox 892 3056 965 3107; x_wconf 84' lang='lat' dir='ltr'><strong>aqua</strong></span> <span class='ocrx_word' id='word_1_278' title='bbox 978 3039 1106 3094; x_wconf 88' lang='lat' dir='ltr'><strong>educitur</strong></span> <span class='ocrx_word' id='word_1_279' title='bbox 1115 3041 1212 3094; x_wconf 77' lang='lat' dir='ltr'><strong>Ianua</strong></span> 
     </span>
     <span class='ocr_line' id='line_1_34' title="bbox 194 3109 1216 3180; baseline -0.001 -15"><span class='ocrx_word' id='word_1_280' title='bbox 194 3109 358 3165; x_wconf 59' lang='lat' dir='ltr'><strong>witelmus</strong></span> <span class='ocrx_word' id='word_1_281' title='bbox 375 3115 451 3176; x_wconf 81' lang='lat' dir='ltr'><strong>(teate</strong></span> <span class='ocrx_word' id='word_1_282' title='bbox 469 3110 568 3176; x_wconf 85' lang='lat' dir='ltr'><strong>Scbw.)</strong></span> <span class='ocrx_word' id='word_1_283' title='bbox 593 3110 750 3166; x_wconf 90' lang='lat' dir='ltr'><strong>contexitur</strong></span> <span class='ocrx_word' id='word_1_284' title='bbox 773 3111 879 3165; x_wconf 82' lang='lat' dir='ltr'><strong>uallum</strong></span> <span class='ocrx_word' id='word_1_285' title='bbox 898 3115 983 3180; x_wconf 85' lang='lat' dir='ltr'><strong>etque</strong></span> <span class='ocrx_word' id='word_1_286' title='bbox 1002 3127 1093 3180; x_wconf 81' lang='lat' dir='ltr'><strong>aquae</strong></span> <span class='ocrx_word' id='word_1_287' title='bbox 1111 3110 1216 3166; x_wconf 85' lang='lat' dir='ltr'><strong>ductui</strong></span> 
     </span>
     <span class='ocr_line' id='line_1_35' title="bbox 191 3177 678 3260; baseline -0.004 -23"><span class='ocrx_word' id='word_1_288' title='bbox 191 3182 307 3248; x_wconf 79' lang='lat' dir='ltr'><strong>fortasse</strong></span> <span class='ocrx_word' id='word_1_289' title='bbox 325 3183 374 3252; x_wconf 69' lang='lat' dir='ltr'><strong>teg.</strong></span> <span class='ocrx_word' id='word_1_290' title='bbox 448 3185 480 3234; x_wconf 84' lang='grc'><strong>17</strong></span> <span class='ocrx_word' id='word_1_291' title='bbox 501 3177 627 3260; x_wconf 82' lang='lat' dir='ltr'><strong>ballistae</strong></span> <span class='ocrx_word' id='word_1_292' title='bbox 647 3183 678 3234; x_wconf 90' lang='grc' dir='ltr'><strong><em>Π</em></strong></span> 
     </span>
    </p>
   </div>
   <div class='ocr_carea' id='block_1_5' title="bbox 182 3321 1288 3679">
    <p class='ocr_par' dir='ltr' id='par_1_8' title="bbox 182 3321 1288 3466">
     <span class='ocr_line' id='line_1_36' title="bbox 182 3321 1288 3396; baseline 0.002 -19"><span class='ocrx_word' id='word_1_293' title='bbox 182 3323 238 3396; x_wconf 80' lang='grc' dir='ltr'><strong>ΙΒ.</strong></span> <span class='ocrx_word' id='word_1_294' title='bbox 257 3323 289 3377; x_wconf 86' lang='lat' dir='ltr'><strong>L.</strong></span> <span class='ocrx_word' id='word_1_295' title='bbox 346 3324 417 3377; x_wconf 81' lang='lat' dir='ltr'><strong>1ad</strong></span> <span class='ocrx_word' id='word_1_296' title='bbox 435 3321 523 3392; x_wconf 69' lang='lat' dir='ltr'><strong>penei²</strong></span> <span class='ocrx_word' id='word_1_297' title='bbox 541 3325 573 3375; x_wconf 92' lang='grc' dir='ltr'><em>Π</em></span> <span class='ocrx_word' id='word_1_298' title='bbox 641 3323 843 3395; x_wconf 75' lang='lat' dir='ltr'><strong>rprueeepto]</strong></span> <span class='ocrx_word' id='word_1_299' title='bbox 866 3323 1034 3393; x_wconf 82' lang='lat' dir='ltr'><strong>praeceptos</strong></span> <span class='ocrx_word' id='word_1_300' title='bbox 1048 3325 1075 3378; x_wconf 85' lang='grc' dir='ltr'><strong>α’</strong></span> <span class='ocrx_word' id='word_1_301' title='bbox 1149 3325 1210 3379; x_wconf 84' lang='lat' dir='ltr'><strong>cot·</strong></span> <span class='ocrx_word' id='word_1_302' title='bbox 1287 3379 1288 3394; x_wconf 50' lang='lat'><strong>,</strong></span> 
     </span>
     <span class='ocr_line' id='line_1_37' title="bbox 191 3392 1137 3466; baseline 0 -17"><span class='ocrx_word' id='word_1_303' title='bbox 191 3392 262 3449; x_wconf 85' lang='lat' dir='ltr'><strong>tidie</strong></span> <span class='ocrx_word' id='word_1_304' title='bbox 281 3394 331 3464; x_wconf 89' lang='lat' dir='ltr'><strong>Ap</strong></span> <span class='ocrx_word' id='word_1_305' title='bbox 420 3392 575 3449; x_wconf 74' lang='lat' dir='ltr'><strong>daffiduis</strong></span> <span class='ocrx_word' id='word_1_306' title='bbox 590 3395 621 3446; x_wconf 88' lang='lat' dir='ltr'><em>H</em></span> <span class='ocrx_word' id='word_1_307' title='bbox 708 3394 917 3466; x_wconf 70' lang='lat' dir='ltr'><strong>bredundere]</strong></span> <span class='ocrx_word' id='word_1_308' title='bbox 940 3394 1090 3450; x_wconf 80' lang='lat' dir='ltr'><strong>rotundare</strong></span> <span class='ocrx_word' id='word_1_309' title='bbox 1108 3395 1137 3449; x_wconf 86' lang='lat' dir='ltr'><strong><em>A</em></strong></span> 
     </span>
    </p>

    <p class='ocr_par' dir='ltr' id='par_1_9' title="bbox 191 3463 1214 3679">
     <span class='ocr_line' id='line_1_38' title="bbox 192 3463 1210 3546; baseline 0 -26"><span class='ocrx_word' id='word_1_310' title='bbox 192 3465 255 3520; x_wconf 62' lang='lat' dir='ltr'><strong>cnr.</strong></span> <span class='ocrx_word' id='word_1_311' title='bbox 274 3465 309 3521; x_wconf 85' lang='lat' dir='ltr'><strong>X.</strong></span> <span class='ocrx_word' id='word_1_312' title='bbox 347 3471 381 3520; x_wconf 91' lang='lat'><strong>10</strong></span> <span class='ocrx_word' id='word_1_313' title='bbox 398 3464 480 3537; x_wconf 80' lang='lat' dir='ltr'><strong>ualli]</strong></span> <span class='ocrx_word' id='word_1_314' title='bbox 500 3463 608 3535; x_wconf 84' lang='lat' dir='ltr'><strong>bellip</strong></span> <span class='ocrx_word' id='word_1_315' title='bbox 681 3470 713 3518; x_wconf 92' lang='lat'><strong>11</strong></span> <span class='ocrx_word' id='word_1_316' title='bbox 733 3464 825 3546; x_wconf 82' lang='lat' dir='ltr'><strong>caiae]</strong></span> <span class='ocrx_word' id='word_1_317' title='bbox 845 3465 923 3538; x_wconf 74' lang='lat' dir='ltr'><strong>ogiae</strong></span> <span class='ocrx_word' id='word_1_318' title='bbox 941 3464 968 3518; x_wconf 85' lang='grc' dir='ltr'><strong>α’</strong></span> <span class='ocrx_word' id='word_1_319' title='bbox 988 3466 1035 3536; x_wconf 77' lang='lat' dir='ltr'><strong>(Q)</strong></span> <span class='ocrx_word' id='word_1_320' title='bbox 1104 3471 1137 3521; x_wconf 78' lang='lat'><strong>12</strong></span> <span class='ocrx_word' id='word_1_321' title='bbox 1156 3465 1210 3520; x_wconf 87' lang='lat' dir='ltr'><strong>irn-</strong></span> 
     </span>
     <span class='ocr_line' id='line_1_39' title="bbox 191 3535 1214 3608; baseline 0.001 -17"><span class='ocrx_word' id='word_1_322' title='bbox 191 3536 255 3605; x_wconf 91' lang='lat' dir='ltr'><strong>ped.</strong></span> <span class='ocrx_word' id='word_1_323' title='bbox 274 3539 306 3590; x_wconf 84' lang='lat' dir='ltr'><strong><em>H</em></strong></span> <span class='ocrx_word' id='word_1_324' title='bbox 386 3537 470 3608; x_wconf 89' lang='lat' dir='ltr'><strong>nutu]</strong></span> <span class='ocrx_word' id='word_1_325' title='bbox 491 3540 560 3592; x_wconf 90' lang='lat' dir='ltr'><strong>notu</strong></span> <span class='ocrx_word' id='word_1_326' title='bbox 579 3537 607 3590; x_wconf 98' lang='lat' dir='ltr'><strong><em>A</em></strong></span> <span class='ocrx_word' id='word_1_327' title='bbox 698 3541 732 3590; x_wconf 82' lang='grc'><strong>14</strong></span> <span class='ocrx_word' id='word_1_328' title='bbox 749 3537 883 3591; x_wconf 75' lang='lat' dir='ltr'><strong>uehicula</strong></span> <span class='ocrx_word' id='word_1_329' title='bbox 900 3535 1045 3608; x_wconf 80' lang='lat' dir='ltr'><strong>sagmarii]</strong></span> <span class='ocrx_word' id='word_1_330' title='bbox 1064 3535 1214 3592; x_wconf 83' lang='lat' dir='ltr'><strong>uehiculef</strong></span> 
     </span>
     <span class='ocr_line' id='line_1_40' title="bbox 193 3604 1184 3679; baseline 0.002 -18"><span class='ocrx_word' id='word_1_331' title='bbox 193 3607 312 3678; x_wconf 81' lang='lat' dir='ltr'><strong>egmarii</strong></span> <span class='ocrx_word' id='word_1_332' title='bbox 331 3608 369 3662; x_wconf 87' lang='grc' dir='ltr'><strong><em>Μ</em></strong></span> <span class='ocrx_word' id='word_1_333' title='bbox 385 3607 531 3663; x_wconf 73' lang='lat' dir='ltr'><strong>uehiculis</strong></span> <span class='ocrx_word' id='word_1_334' title='bbox 546 3607 655 3678; x_wconf 83' lang='lat' dir='ltr'><strong>agmari</strong></span> <span class='ocrx_word' id='word_1_335' title='bbox 673 3607 701 3661; x_wconf 96' lang='lat' dir='ltr'><strong><em>A</em></strong></span> <span class='ocrx_word' id='word_1_336' title='bbox 775 3612 806 3661; x_wconf 84' lang='grc'><strong>17</strong></span> <span class='ocrx_word' id='word_1_337' title='bbox 827 3606 972 3679; x_wconf 79' lang='lat' dir='ltr'><strong>stramina]</strong></span> <span class='ocrx_word' id='word_1_338' title='bbox 990 3604 1136 3664; x_wconf 78' lang='lat' dir='ltr'><strong>iitramina</strong></span> <span class='ocrx_word' id='word_1_339' title='bbox 1155 3609 1184 3663; x_wconf 91' lang='lat' dir='ltr'><strong><em>A</em></strong></span> 
     </span>
    </p>
   </div>
   <div class='ocr_carea' id='block_1_6' title="bbox 0 0 1308 4082">
    <p class='ocr_par' dir='ltr' id='par_1_10' title="bbox 0 0 1308 4082">
     <span class='ocr_line' id='line_1_41' title="bbox 0 0 1308 4082; baseline 0 0"><span class='ocrx_word' id='word_1_340' title='bbox 0 0 1308 4082; x_wconf 95' lang='lat' dir='ltr'><strong> </strong></span> 
     </span>
    </p>
   </div>
  </div>
 </body>
</html>
