2604 4082
198 195 240 259 68
596 192 675 252 ,utu
695 193 786 261 uto.

199 350 267 404 ante
280 341 377 402 lucem
393 349 497 420 coepto
512 341 632 420 itinere,
651 341 687 400 ad
702 340 848 402 destinate
862 342 1052 422 perueniant;
1070 359 1112 400 ne
1127 359 1229 402 saeua
1293 384 1298 395 .

198 431 295 492 bieme
314 432 372 490 iter
391 431 550 508 pernices
569 447 603 489 ae
621 431 745 508 pruinas
765 427 903 490 noctibus
922 429 1029 489 saciant
1048 437 1102 490 aut
1121 428 1229 508 ligno-

199 537 266 580 rum
294 520 445 598 patiantur
474 519 603 595 inopiam
631 527 682 578 aut
710 520 807 578 minor
834 517 892 578 illis
920 519 1050 578 uestium
1073 527 1230 596 suppetat

201 609 299 689 copie3
320 625 377 668 nec
397 607 515 666 sanitati
534 607 613 666 enim
631 624 687 666 nec
708 606 890 684 expeditioni
907 605 1033 668 idoneus
1050 605 1141 666 miles
1167 616 1230 686 est,

173 712 186 752 s
202 699 253 776 qui
266 695 364 774 algere
378 692 565 773 conpellitur.
595 693 657 756 Nec
675 696 852 773 perniciosis
866 694 916 756 uel
930 693 1114 772 palustribus
1130 698 1230 774 aquis

200 792 303 846 utetur
327 785 489 862 exercitus3
513 800 581 842 nam
603 782 696 844 malae
720 801 813 862 aquae
836 792 939 863 potus,
963 801 1077 843 ueneno
1099 783 1230 863 similis,

200 873 400 953 pestilentiam
414 870 585 931 bibentibus
599 880 731 949 generat.
760 870 821 934 lam
835 889 908 932 uero
923 880 957 932 ut
973 873 1031 932 boc
1046 889 1120 932 casu
1134 875 1232 951 aegri
1295 895 1296 900 ¹

201 959 430 1023 contubernales
449 961 604 1038 oportunis
624 959 698 1020 cibis
712 961 884 1020 reficiantur
898 979 932 1022 ac
946 960 1133 1020 medicorum
1155 970 1232 1021 arte

201 1059 355 1127 curentur,
369 1048 585 1126 principiorum
600 1048 848 1127 tribunorumque
864 1058 895 1110 et
911 1050 1006 1126 ipsius
1020 1049 1154 1127 comitis,
1172 1051 1233 1128 qui

161 1154 188 1194 10
201 1140 344 1198 maiorem
359 1137 487 1196 sustinet
500 1144 688 1216 potestatem,
697 1138 774 1216 iugis
789 1138 944 1216 quaeritur
958 1135 1126 1217 diligentie3
1141 1137 1232 1198 mole

202 1228 281 1287 enim
305 1223 443 1286 cumbis
466 1227 576 1303 agitur,
606 1224 715 1303 quibus
738 1227 901 1288 necessitas
924 1234 954 1286 ct
976 1224 1046 1286 belli
1067 1226 1233 1286 incumbit

202 1326 234 1376 et
256 1312 361 1375 morbi.
403 1311 461 1372 Sed
484 1315 530 1374 rei
548 1313 684 1374 militaris
705 1315 795 1392 periti
813 1313 880 1392 plus
899 1311 1045 1374 cotidiana
1063 1330 1232 1375 armorum

203 1403 344 1464 exercitia
366 1401 402 1462 ad
427 1403 581 1462 sanitatem
605 1401 731 1462 militum
755 1409 939 1479 putauerunt
960 1400 1105 1481 prodesse
1128 1420 1231 1480 quam

203 1491 343 1551 medicos.
384 1488 487 1567 ltaque
514 1490 629 1568 pedites
657 1491 722 1550 sine
748 1492 969 1550 intermissione
995 1488 1145 1550 imbribus
1174 1492 1231 1552 uel

164 1595 189 1634 15
204 1579 324 1640 niuibus
347 1576 403 1638 sub
423 1583 512 1658 tecto,
530 1578 654 1658 reliquis
673 1576 778 1640 diebus
799 1581 933 1639 exerceri
954 1581 986 1638 in
1007 1595 1112 1656 campo
1133 1580 1229 1640 uolu-

203 1675 300 1727 erunt.
347 1664 490 1725 Similiter
518 1669 633 1745 equites
661 1685 721 1728 nou
744 1666 841 1728 solum
868 1669 900 1728 in
922 1664 1017 1745 planis
1046 1666 1099 1726 sed
1129 1670 1230 1728 etiam

202 1758 235 1816 iu
257 1754 392 1832 abruptis
415 1760 446 1813 et
468 1754 614 1815 fossarum
638 1754 720 1815 biatu
740 1753 920 1816 difficillimis
940 1756 1053 1815 semitis
1072 1773 1176 1833 seque
1198 1766 1231 1818 et

204 1861 298 1921 equos
312 1859 382 1902 suos
397 1841 518 1903 adsidue
534 1861 674 1903 exercere
693 1845 855 1924 iusserunt,
871 1850 905 1904 ut
919 1842 993 1904 nibil
1006 1842 1053 1903 bis
1067 1845 1100 1903 in
1115 1861 1231 1906 neces·

206 1933 291 1992 sitate
319 1929 426 2008 proelii
455 1931 590 1991 accidere
618 1940 718 2010 posset
739 1934 933 2011 incognitum.
980 1930 1023 1990 ux
1047 1949 1108 2009 quo
1132 1933 1231 1994 intel·

165 2039 192 2078 ro
205 2020 325 2100 legitur,
335 2026 445 2097 quanto
460 2019 623 2081 studiosius
637 2038 790 2080 armorum
804 2029 867 2082 arte
881 2018 1034 2082 docendus
1050 2021 1089 2078 sit
1099 2037 1232 2100 semper

206 2110 364 2189 exercitus,
383 2125 451 2168 cum
471 2110 499 2167 ei
518 2107 627 2168 laboris
647 2109 831 2170 consuetudo
852 2116 882 2168 et
895 2111 926 2170 in
941 2109 1047 2168 cestris
1061 2110 1231 2170 sanitatem

205 2208 235 2258 et
258 2200 288 2256 in
318 2195 458 2257 conflictu
486 2198 580 2276 possit
607 2203 758 2274 praestare
786 2198 950 2257 uictoriam.
999 2196 1030 2255 Si
1054 2197 1232 2258 autumnali

205 2288 380 2364 aestiuoque
404 2291 538 2364 ternpore
561 2283 673 2345 diutius
696 2287 727 2344 in
750 2285 845 2345 isdem
871 2284 945 2345 locis
970 2283 1097 2346 militum
1121 2285 1229 2347 multi-

205 2374 276 2434 tudo
304 2375 460 2451 consistat,
489 2392 526 2432 ex
557 2375 732 2450 contagione
761 2391 905 2451 aquarum
938 2379 968 2433 et
995 2371 1096 2432 odoris
1125 2374 1232 2452 ipsius

223 2507 256 2558 V.
276 2505 307 2558 L.
380 2505 490 2628 stillisp
510 2504 579 2559 illuc
597 2509 629 2560 Π
716 2507 822 2578 5Νθο]
847 2523 921 2578 nep
1010 2505 1192 2576 palustribus
1207 2529 1231 2562 π

204 2573 288 2646 palus
302 2575 328 2626 α’
348 2575 474 2644 paludosi

205 2643 336 2701 uenenoti
358 2643 441 2699 miles
454 2646 483 2699 A
504 2646 635 2701 uenenoli
657 2647 797 2704 militibus
817 2649 843 2704 G
866 2649 987 2721 [ueneno
1009 2648 1068 2702 sim.
1107 2649 1155 2702 tP

206 2717 372 2788 ‘tgeuereut
385 2716 434 2784 μΡ
482 2719 514 2770 ut
527 2717 580 2772 hoc
594 2717 659 2772 essu
672 2721 755 2788 uolgo
770 2719 869 2775 occeio
882 2740 901 2774 u
920 2724 953 2775 ut
970 2719 1034 2773 essu
1047 2739 1068 2773 n
1097 2719 1168 2774 cesu
1183 2723 1232 2776 tP
1299 2751 1300 2790 3

206 2790 239 2842 ut
252 2803 352 2842 occasu
367 2785 489 2844 Stcwcolt.
504 2789 557 2844 boc
571 2787 635 2842 cesu
651 2789 789 2856 Oetaeum
808 2793 856 2845 scol
869 2793 921 2845 oin
934 2793 968 2845 ut
980 2791 1116 2845 uocabulo
1130 2796 1231 2847 cereri

202 2863 298 2926 potest.
336 2857 655 2930 9p1·incipiorumqueV¹
666 2861 879 2930 principumque
887 2878 955 2916 corr.
965 2879 998 2916 ex
1006 2861 1231 2930 principiorum·

208 2943 262 2996 que
281 2929 309 2981 P
361 2934 394 2982 12
413 2929 455 2999 [et
472 2930 575 3000 morbi]
595 2933 625 2984 H
677 2937 710 2985 13
730 2931 864 2988 exercitis
882 2947 1022 2986 armorum
1038 2935 1069 2985 Π
1124 2937 1162 2987 te
1183 2951 1232 2990 ec·

208 2996 306 3051 cedere
325 2999 371 3050 εΠ
431 2999 516 3068 possit
534 3005 578 3054 εΠ
635 3007 669 3056 20
687 3002 805 3074 quente]
825 3019 909 3071 quem
928 3003 972 3056 tP
1029 3004 1120 3056 cutem
1138 3007 1233 3075 uulgo

227 3117 253 3172 S.
272 3118 302 3172 L.
376 3124 522 3194 lcoepto]
541 3127 623 3193 cepto
642 3129 672 3178 H
742 3125 916 3196 distinctae
987 3126 1083 3197 secund
1103 3126 1175 3199 seue
1196 3129 1233 3184 A'

209 3189 323 3259 seusprc
364 3192 541 3260 3pncicntur
555 3214 574 3248 α
615 3196 695 3264 bqui
708 3197 816 3269 algere]
832 3195 994 3268 quielegere
1009 3197 1149 3268 (qnilgere
1162 3199 1235 3271 L)p

281 3261 459 3329 compellitur
476 3266 507 3315 Π
562 3265 722 3334 pernitiosis
736 3287 755 3320 α
819 3269 931 3338 tuem]
950 3267 1010 3323 Nec
1028 3269 1056 3323 A
1118 3271 1234 3342 meles]

209 3330 285 3386 mels
298 3331 326 3386 A
380 3332 495 3400 Scybis
505 3335 532 3387 A
587 3336 719 3406 cipitur]
737 3336 848 3407 ipiisH
901 3345 933 3393 12
951 3339 1112 3394 cottidiana
1132 3341 1181 3396 eP

211 3404 244 3452 15
264 3402 424 3473 noluerunt]
449 3405 590 3460 noluerint
607 3411 634 3460 A
709 3413 741 3462 18
760 3407 866 3464 assidue
886 3411 917 3463 H
987 3416 1021 3464 to
1040 3408 1126 3480 poelli
1144 3415 1180 3466 11

210 3475 244 3522 22
268 3472 411 3544 conflictu]
435 3489 463 3526 -ο
488 3493 507 3528 α
596 3477 753 3534 cutumneli
773 3479 895 3552 cestius]
918 3480 1097 3536 autumnalis.
1120 3482 1233 3539 netuuo

208 3537 273 3609 test·
292 3543 338 3612 M)
357 3543 384 3598 α’
457 3549 491 3600 23
509 3546 609 3620 isdem]
627 3547 734 3604 hisdem
752 3551 796 3604 en'

505 2575 545 2630 tit
617 2583 633 2631 6
652 2593 760 2634 ueneno
778 2577 878 2634 similis
892 2581 922 2632 π’
941 2595 1048 2636 ueneno
1067 2575 1183 2632 slmiles
1193 2581 1235 2634 M
1299 2601 1300 2622 r
