2552 4082
487 259 638 316 Praefatio.
964 263 1069 319 XXVII

68 411 206 482 epistulam
226 412 321 471 inesse
339 412 446 480 docnt,
469 413 699 473 contrarietati.
721 413 805 472 7383
823 431 951 486 prorsus
968 419 1070 483 taccat,

66 517 173 558 nanno
195 517 254 560 esse
277 501 441 576 deceptam
473 517 564 574 noane
586 503 662 560 enirn
685 506 737 560 ant
758 503 791 560 in
813 501 882 562 Par.
910 505 995 564 7230
1019 509 1071 563 ant

66 589 96 645 in
114 587 177 648 Par.
197 590 284 650 7230
308 587 347 657 A,
370 591 405 649 dc
427 606 482 664 arco
504 591 587 663 iufra
604 607 706 664 panca
727 591 818 650 ncrba
840 591 991 664 sacimas,
1014 593 1071 652 talc

67 678 129 748 pata
144 683 278 752 apparot·
298 679 413 746 assedit,
432 679 516 752 qnod,
536 696 609 752 anas
627 680 732 738 acinis
750 679 882 739 Parisini
896 672 951 760 (P)
965 685 1071 741 nariae

66 766 153 836 offert,
178 770 282 840 optime
307 769 340 826 in
362 767 432 826 Par.
457 767 543 827 7383
567 768 721 840 quadrant.
766 767 924 828 Praeterea
951 785 1070 828 commc-

65 856 226 914 noranainrn
241 859 283 916 cst
295 857 379 915 marn
392 857 545 932 epistotam
558 873 618 914 raon
630 857 733 923 sonam,
748 875 819 930 anos
832 857 968 917 Haasins
976 859 1071 930 affert,

66 943 255 1004 at'renirensi
277 937 363 1024 (XV.
392 937 491 1024 saec),
514 944 728 1005 Vindobonaui
755 936 909 1026 (Basileus
931 965 958 1006 a.
984 947 1068 1007 1437

66 1033 177 1106 scripta·
210 1035 246 1107 cf.
275 1033 434 1094 Mintur
466 1034 551 1094 catat.
575 1035 655 1093 occid.
685 1033 804 1094 Vinciat.
838 1035 887 1095 iat.
914 1052 947 1109 p.
982 1027 1071 1115 206),

64 1119 233 1182 Mantinia
245 1123 326 1196 piat..
341 1124 393 1200 45,
405 1125 448 1183 20
472 1114 558 1203 (ΧΥ.
584 1115 678 1202 saco.)
701 1113 732 1204 (c
753 1139 809 1195 qno
836 1123 1007 1184 Bandiruins
1038 1125 1070 1184 in

65 1211 139 1270 catat.
160 1211 205 1270 II
213 1229 247 1285 p.
267 1212 330 1272 357
352 1229 416 1270 earn
439 1203 596 1290 ediderat),
619 1211 696 1284 patr.
723 1212 775 1284 45,
801 1213 840 1270 21
866 1203 952 1292 (ΧΥ.
970 1206 1070 1294 saec.),

59 1298 124 1369 piat.
146 1300 198 1373 53,
220 1301 259 1358 12
291 1291 397 1379 (XIV.
419 1291 509 1380 saec.)
538 1303 565 1358 ci
585 1300 682 1359 italice
702 1317 821 1359 nursam
843 1292 957 1380 (XIII.
981 1293 1069 1380 saec.)

65 1387 180 1447 aBono
200 1386 373 1448 Gianbonio
396 1389 534 1456 cohiberi,
563 1390 645 1448 onias
671 1391 934 1464 interpretationem
963 1389 1071 1463 chctii

63 1473 163 1538 Frons.
189 1469 361 1556 Fontanc¹)
386 1470 527 1556 (Firenre
552 1469 653 1554 1815)
675 1477 790 1551 publici
815 1479 891 1536 iaris
917 1477 992 1550 fecit,
1020 1479 1071 1538 sei

64 1566 140 1624 etiam
158 1570 256 1625 enare
272 1568 305 1626 in
322 1566 470 1626 Perusinis
486 1567 570 1628 7233
587 1560 656 1646 (XI
659 1565 693 1626 V.
707 1558 802 1650 saca).
825 1567 908 1626 7387
925 1557 974 1647 (X
979 1566 1011 1626 V.
1021 1557 1069 1647 a),

68 1651 150 1712 Vatia.
168 1654 271 1728 chin.
295 1655 381 1715 1880
400 1648 488 1734 (ΧΥ.
507 1648 560 1735 s),
583 1653 778 1716 Ambrosiano
798 1653 826 1716 G
848 1657 899 1716 83.
931 1655 1070 1730 Fpistnta

64 1745 157 1810 annm,
180 1744 277 1817 anatis
299 1744 413 1817 qnidam
435 1746 468 1803 in
489 1743 628 1803 Parisino
648 1745 733 1804 7383
754 1745 867 1818 tepitnr,
885 1745 955 1803 hacc
978 1735 1067 1825 ast²):

129 1847 275 1925 ‘Populus
305 1849 427 1910 iubente
461 1850 516 1910 deo
548 1848 751 1910 israheliticus
784 1850 913 1910 libenter
944 1868 1071 1912 munera

19 1945 20 1950 ’
63 1935 163 1996 obtulit
181 1937 221 1998 ad
239 1937 386 2000 fabricam
403 1937 598 2013 tabernaculi,
616 1938 700 1998 ouius
719 1940 871 2015 exemplar
889 1938 937 1998 dei
954 1939 1069 2000 famulo

19 2037 20 2064 ³
63 2025 151 2148 moysgi
181 2027 282 2090 fflerat
315 2030 469 2088 ostensum
500 2027 532 2088 in
563 2030 674 2088 monte.
720 2027 773 2086 alii
805 2027 926 2104 quidem
963 2047 1071 2089 aarum

64 2131 161 2246 (entia
171 2159 246 2250 cod.)
264 2171 295 2228 et
308 2171 467 2250 argentum
480 2169 531 2228 uel
545 2172 644 2228 cetere
653 2159 770 2248 (cetera
780 2159 856 2248 coci.)
870 2167 988 2243 copiose
1007 2186 1068 2226 me-

62 2256 128 2316 talla
148 2275 204 2317 nec
226 2275 287 2318 non
309 2260 341 2317 et
361 2256 477 2333 lapides
495 2257 656 2334 preciosos,
679 2257 801 2334 quidam
823 2274 896 2314 uero
914 2255 998 2332 ligna
1016 2259 1071 2315 aut

63 2344 145 2418 pelles
166 2345 345 2423 rubricatas,
367 2346 561 2423 pauperiores
579 2364 651 2405 uero
670 2344 747 2420 pilos
767 2363 933 2420 caprarum,
956 2347 1070 2404 utnon

26 2487 33 2508 ‚
64 2450 165 2495 uacuus
190 2437 350 2512 appareret
373 2434 520 2512 quispiam
543 2435 575 2494 in
599 2436 761 2510 conspectu
783 2433 905 2510 domini,
929 2435 1069 2512 quoniam

65 2537 114 2580 non
135 2524 316 2602 quantitatis
339 2542 496 2584 munerum
520 2526 568 2583 est
590 2523 756 2584 trutinator
780 2522 833 2582 sed
855 2523 948 2582 animi
967 2522 1069 2584 deuoti

64 2605 218 2689 inspector3
242 2612 293 2690 qui
317 2613 375 2672 duo
398 2612 515 2672 minuta
537 2612 647 2672 uiduae
669 2611 828 2688 inspiciens
851 2613 920 2688 plus
939 2629 1005 2670 eam
1025 2610 1068 2670 di·

63 2696 167 2764 uitibus
177 2701 210 2758 in
219 2700 370 2760 corbanan
383 2701 501 2761 misisse
511 2693 651 2782 (miffisse
662 2694 737 2782 coci.)
747 2703 886 2760 testatur.
909 2699 946 2758 In
959 2718 1071 2776 magna

65 2787 132 2846 enim
155 2789 244 2850 domo
268 2788 380 2850 diuersi
402 2807 478 2850 uasa
501 2792 572 2850 sunt
594 2789 725 2867 generis,
757 2787 832 2849 uilia
859 2788 979 2866 quidem
1007 2788 1069 2848 suis

65 2875 155 2936 usibus
173 2878 344 2940 necessaria
366 2879 410 2938 ait
431 2881 534 2956 poste:
568 2897 628 2938 non
654 2877 755 2938 omnia
776 2894 934 2956 possumus
959 2895 1069 2936 omnes.

65 2959 267 3044 inquinem,
286 2965 386 3026 inclite
405 2986 467 3044 rex,
480 2967 612 3028 famulus
631 2965 842 3026 deuotissimae
861 2965 1069 3026 excellentiam

22 3087 23 3090 =
66 3067 156 3114 sensus
183 3055 281 3115 uestri
309 3055 403 3116 sciens
432 3059 462 3118 et
489 3074 615 3116 acumen
648 3055 761 3134 ingenii
793 3055 903 3132 gaudio
931 3053 1070 3132 perfusus

127 3209 151 3274 l)
168 3206 337 3263 Marianum
343 3205 466 3278 d'Apaia
479 3208 512 3261 in
525 3207 605 3272 libro,
619 3223 696 3276 quern
709 3207 853 3276 inscripsit
865 3206 1070 3275 „Bittioprafia

68 3273 173 3332 aaran
191 3307 225 3320 -
245 3278 368 3334 italiana
385 3277 502 3346 (Terina
522 3279 622 3347 18M)“
639 3294 697 3333 non
715 3295 734 3332 a
752 3276 886 3334 Fortiana
903 3279 950 3331 sed
964 3295 982 3332 a
997 3277 1070 3331 Zar-

69 3345 130 3399 tonio
147 3349 225 3402 itiam
243 3349 495 3417 interpretationes
514 3351 614 3406 editam
632 3347 978 3404 annuntiantum
996 3348 1070 3403 beni-

69 3416 181 3478 anicsime
195 3437 235 3475 mc
254 3421 367 3476 manni.

128 3491 154 3557 2)
178 3490 392 3560 Inscriptionan
419 3489 563 3560 ‘Epistola
590 3489 707 3546 Senecae
735 3491 773 3546 ad
804 3489 962 3546 anarcnn’
997 3505 1071 3544 nnnc

71 3549 135 3611 tabet
153 3559 332 3618 Tronircnsis.
370 3562 492 3618 Initium
513 3577 597 3632 usqne
620 3563 658 3617 aci
685 3576 764 3618 noces
787 3561 849 3634 Ego
873 3559 987 3630 quidem
1014 3576 1071 3614 non

72 3624 142 3684 ecidit
158 3631 317 3690 Matiana.
