2604 4082
210 225 252 287 14
608 222 669 276 nie.
689 223 709 290 1,
729 228 754 278 o.
775 228 817 276 ιο.

208 374 368 454 praecipua
392 371 610 433 adsuefaciendi
634 379 705 432 sunt
733 373 878 450 iuniores,
906 379 941 430 ut
969 372 1080 430 maiore
1108 371 1222 447 impetu

207 465 238 523 in
267 462 385 522 hostem
411 468 606 541 procurrant,
640 468 673 521 ut
699 459 764 520 loca
792 469 939 539 oportuna
966 457 1120 538 celeriter,
1153 476 1222 518 cum

208 569 282 612 usus
305 551 473 629 aduenerit,
497 558 645 628 occupent
667 548 716 609 uel
739 549 919 610 aduersariis
944 548 1024 608 idem
1046 548 1145 608 lacere
1170 565 1221 607 uo·

208 638 339 700 lentibus
366 645 599 718 praeoccupent,
627 647 661 698 ut
688 637 723 696 ad
753 636 966 716 explorandum
989 635 1126 696 alacriter
1155 653 1222 714 per-

182 737 291 808 ⁵gant,
318 725 446 788 'alacrius
474 727 610 806 redeant,
640 735 674 786 ut
701 726 878 803 largientium
906 725 1021 786 lucilius
1045 732 1127 802 terga
1152 741 1221 783 con-

208 816 402 896 prehendant.
440 815 483 874 dd
503 814 610 874 saltum
630 816 728 890 etiam,
751 833 810 893 quo
830 814 879 874 uel
898 815 993 874 fossae
1012 812 1222 874 transiliuntur

208 904 257 966 uel
285 904 440 984 inpediens
468 902 565 982 eliqua
598 902 723 962 altitudo
756 912 928 982 superatur,
961 901 1147 962 exercendus
1178 909 1221 960 est

208 995 302 1074 miles,
320 1001 363 1072 ut,
382 1009 452 1052 cum
471 990 617 1052 eiusmodi
635 990 824 1052 difficultates
843 993 1009 1072 euenerint,
1027 991 1143 1070 possint
1159 991 1221 1050 sine

208 1082 307 1143 labore
331 1082 469 1140 transire.
504 1079 662 1140 Praeterea
685 1082 716 1140 in
735 1082 800 1158 ipso
819 1080 959 1141 conflictu
979 1097 1013 1139 ac
1032 1079 1221 1139 dimicatione
1281 1120 1284 1150 ,

168 1185 195 1226 1o
208 1170 337 1230 telorum
364 1167 490 1229 bellator
518 1187 586 1230 cum
615 1187 706 1229 cursu
739 1168 876 1247 saltuque
905 1171 1029 1228 ueniens
1058 1167 1221 1228 aduersarii

207 1259 402 1338 praestringit
424 1256 526 1318 oculos
558 1265 747 1335 mentemque
775 1257 908 1318 deterret
933 1259 1078 1335 priusque
1105 1255 1220 1334 plagam

207 1347 327 1426 inlligit,
350 1365 439 1426 quem
462 1345 511 1406 ille
535 1346 571 1406 ad
595 1346 761 1406 cauendum
785 1345 833 1406 uel
856 1346 892 1406 ad
916 1344 1115 1406 resistendum
1139 1352 1221 1404 certe

209 1454 241 1497 se
263 1445 429 1516 praeparet.
466 1433 508 1495 De
533 1435 675 1495 exercitio
699 1433 774 1494 Gnei
796 1433 919 1514 Pompei
942 1433 1040 1512 Magni
1062 1431 1221 1493 Sallustius

207 1532 353 1585 memorat
376 1519 456 1584 ‘cum
479 1521 626 1583 alacribus
649 1521 735 1601 saltu,
759 1541 827 1584 cum
850 1521 1005 1584 uelocibus
1028 1540 1127 1601 cursu,
1153 1539 1221 1582 cum

169 1627 194 1668 1⁵
208 1614 314 1674 ualidis
345 1620 431 1673 necte
461 1605 614 1672 certabat'.
659 1611 763 1690 Neque
787 1614 866 1672 enim
888 1611 938 1672 ille
961 1610 1046 1671 aliter
1072 1612 1222 1688 potuisset

207 1720 261 1781 par
280 1718 347 1760 esse
367 1699 510 1781 Sertorio,
533 1701 592 1760 nisi
615 1718 707 1778 seque
727 1708 757 1760 et
776 1700 885 1760 milites
909 1693 1116 1778 frequentibus
1135 1717 1220 1758 exer·
1287 1697 1288 1700 ’

100 1830 132 1863 „
147 1837 205 1862 m„
222 1828 304 1861 mm,
314 1790 393 1849 citiis
402 1797 608 1868 praeparasset
618 1790 653 1849 ad
664 1789 783 1867 proelia.
813 1787 848 1849 X.
861 1788 987 1849 Natandi
998 1805 1087 1848 usum
1097 1788 1221 1848 aestiuis
1287 1845 1288 1852 ,

101 1873 307 1907 ⁶¹⁰¹⁰⁰”‘¹⁰⁸‘¹¹⁰¹¹⁶²
316 1876 470 1938 mensibus
484 1879 580 1938 omnis
592 1877 755 1956 aequaliter
769 1875 859 1938 debet
872 1880 931 1938 tiro
945 1877 1128 1938 condiscere.
1155 1875 1221 1935 Non
1287 1875 1288 1880 ’

80 1967 82 1972 ’
208 1968 288 2027 enim
311 1983 429 2045 semper
453 1965 593 2045 pontibus
617 1965 738 2026 flumina
762 1974 966 2045 transeuntur,
989 1965 1042 2025 sed
1061 1973 1091 2025 et
1110 1964 1221 2025 cedens

167 2068 194 2109 2⁰
208 2065 238 2116 et
265 2057 427 2134 insequens
455 2063 557 2117 natare
585 2057 702 2134 cogitur
726 2055 899 2133 frequenter
923 2056 1082 2115 exereitus.
1125 2051 1220 2132 Saepe

207 2147 373 2224 repentinis
396 2143 542 2205 imbribus
566 2144 615 2204 uel
633 2143 754 2204 niuibus
774 2143 871 2204 solent
889 2143 1040 2204 exundare
1060 2151 1221 2221 torrentes,

207 2241 237 2294 et
272 2235 440 2312 ignorantia
467 2252 527 2293 non
556 2232 651 2293 solum
680 2231 716 2292 ab
744 2231 844 2311 hoste,
876 2232 929 2292 sed
956 2234 1046 2292 etiam
1078 2230 1115 2291 ab
1146 2232 1221 2310 ipsis

207 2324 292 2401 aquis
315 2322 476 2383 discrimen
500 2323 636 2383 incurrit.
676 2320 806 2398 Ideoque
829 2319 955 2380 Romani
982 2328 1116 2400 ueteres,
1145 2337 1221 2398 quos
1286 2379 1287 2385 ,

206 2417 251 2470 tot
278 2409 355 2470 bella
383 2420 412 2469 et
440 2412 611 2470 continuata
639 2409 773 2488 pericula
801 2408 837 2469 ed
865 2427 983 2469 omnem
1011 2409 1056 2468 rei
1084 2408 1220 2468 militaris

206 2549 418 2558 -—-—-—--·—-—

118 2625 120 2628 ·
224 2614 256 2667 V.
277 2613 307 2666 L.
350 2613 463 2684 3ulul]
482 2613 531 2667 ulu
550 2616 581 2667 Π
650 2613 829 2685 delacriter]
851 2613 979 2668 celeriter
997 2616 1028 2667 H
1098 2615 1221 2682 batque

205 2686 304 2756 fragrat.
324 2684 406 2738 Eine.
481 2684 573 2755 [targa
591 2684 628 2754 c]
648 2685 682 2755 P,
703 2687 785 2755 terga
802 2685 947 2740 incurrant
966 2685 1003 2756 P,
1023 2686 1067 2750 (to
1084 2687 1222 2754 margine)

277 2761 293 2811 8
311 2755 418 2825 polliut
438 2753 462 2809 0
478 2753 563 2824 pellit
579 2757 672 2824 melpo.
756 2761 787 2809 11
807 2755 970 2826 perstringit
988 2755 1062 2810 sDP
1144 2773 1220 2810 men·

204 2827 345 2950 tempqne]
367 2827 393 2880 d.
412 2829 444 2880 H
518 2830 552 2880 13
571 2827 606 2880 de
625 2827 825 2882 exercitatione
843 2831 873 2881 Π
944 2826 1074 2949 [611θίρε
1147 2825 1221 2881 salu-

205 2898 257 2953 ltiu
284 2899 332 2968 prc'
351 2899 388 2966 fr.
402 2896 485 2951 Eitea.
541 2901 574 2950 16
593 2896 675 2966 leque
695 2899 724 2952 et
741 2897 859 2969 milites]
880 2897 907 2952 le
926 2901 955 2952 et
972 2898 1021 2950 luo
1051 2897 1159 2951 milites
1171 2897 1223 2967 QP

205 2968 232 3022 le
251 2972 279 3022 et
297 2988 334 3024 m.
354 2968 425 3039 A,D
444 2967 526 3034 leque
544 2987 581 3022 m.
606 2967 633 3020 V
684 2968 746 3023 cm.
762 2969 794 3023 X.
833 2971 987 3038 Inscriptio
999 2970 1105 3024 abesto
1118 2969 1219 3038 fragm.
1285 3015 1286 3020 ,

205 3039 286 3094 Eius.
341 3041 424 3164 2⁰tet
442 3051 527 3163 Ξᾶἒ
540 3038 642 3094 cedens
657 3041 686 3094 et
703 3040 870 3109 subsequens
888 3039 915 3095 V
930 3041 960 3094 et
976 3039 1030 3094 inc.
1054 3041 1084 3093 et
1101 3037 1172 3093 lubl'.
1190 3040 1221 3093 D
1285 3063 1286 3104 ς

277 3116 311 3164 24
330 3109 462 3164 coninua

224 3305 250 3361 S.
269 3305 299 3360 L.
373 3304 671 3375 ladsueefaciendip
728 3305 864 3361 maiorem
884 3307 909 3375 (ἐ
924 3306 994 3373 ΛΠ)
1012 3306 1061 3374 Ap
1131 3305 1220 3359 iim·

204 3378 302 3446 petum
316 3377 365 3445 Αμ
417 3376 448 3431 in
466 3375 587 3447 holtem]
606 3376 635 3430 in
653 3375 730 3432 holte
745 3380 774 3430 H
827 3377 996 3448 dpergant]
1015 3391 1132 3446 pergere
1147 3379 1178 3430 at
1191 3379 1220 3428 Π

278 3447 510 3516 becnphendaut
533 3448 637 3517 (-prae·
655 3447 703 3515 M)
723 3449 749 3500 α’
774 3448 1013 3518 comprehendant
1032 3448 1063 3500 Π
1150 3446 1220 3516 quo]

205 3534 278 3587 quae
296 3519 334 3572 M
402 3517 653 3573 9demicationam
672 3521 699 3571 A
773 3523 806 3572 13
824 3518 921 3586 magni
939 3518 971 3589 1.]
991 3516 1102 3588 magnii
1117 3516 1136 3572 Γ.
1155 3517 1184 3570 Α

206 3589 269 3644 Cre.
287 3588 320 3642 X.
359 3595 392 3644 18
412 3588 515 3660 omuil]
535 3588 595 3644 omi
609 3590 646 3658 A,
722 3595 756 3642 22
776 3590 812 3644 ab
830 3589 924 3644 hostel
938 3589 985 3644 led
1003 3589 1034 3643 α’
1284 3597 1285 3608 ’
