2576 4080
472 241 532 298 Lib.
551 241 599 309 ΙΙΙ,
620 248 661 298 19.
1011 242 1075 308 105

69 388 201 468 drungos.
242 389 327 460 Quod
352 392 378 450 si
397 391 553 470 acciderit,
572 409 664 452 unum
684 390 851 452 remedium
870 399 928 471 est,
947 391 1075 454 ntalem

70 495 244 558 cornumque
257 478 387 558 replices
402 486 432 540 et
445 479 599 560 rotundes,
610 488 757 559 quatenus
767 483 908 540 conuersi
923 483 967 541 tui
981 484 1075 542 socio·

68 584 129 626 rum
146 575 229 646 terga
246 567 422 650 defendant,
445 568 499 629 sed
513 571 544 629 in
558 567 666 648 angulo
685 569 780 647 ipsius
800 571 995 630 extremitatis
1014 569 1075 630 sor-

69 657 167 716 tissimi
180 656 385 736 conlocentur,
400 659 469 736 quia
483 657 526 718 ibi
544 660 675 736 impetus
689 656 814 736 amplior
828 659 894 718 lieri
909 659 1075 719 consueuit.

68 742 134 803 ltem
160 744 323 806 aduersum
352 764 482 808 cuneum
509 746 639 807 hostium
672 748 764 807 certis
792 748 943 807 resistitur
971 745 1103 807 modist

70 831 178 894 Cuneus
203 834 314 895 dicitur
337 835 498 896 multitudo
521 835 668 914 peditum,
698 853 773 914 quae
797 837 897 896 iuncta
921 853 991 896 curn
1014 835 1078 894 acie

68 924 153 998 primo
181 925 339 1002 angustior
366 923 474 984 deinde
501 923 590 984 latior
616 924 753 1003 procedit
780 932 810 985 et
834 925 1077 986 aduersariorum

70 1010 177 1072 ordines
200 1014 328 1093 rumpit,
353 1017 421 1091 quia
445 1031 461 1074 a
483 1011 620 1091 pluribus
639 1014 782 1074 inunum
805 1012 904 1074 locum
928 1013 986 1073 tela
1009 1013 1076 1072 mit·

69 1107 170 1161 tuntur.
195 1099 293 1171 Quam
308 1119 372 1162 rem
386 1101 497 1163 milites
511 1103 665 1162 nominant
675 1111 765 1180 caput
774 1104 939 1180 porcinum.
967 1101 1077 1162 Contra

70 1188 138 1264 quod
166 1189 316 1250 ordinatio
344 1192 479 1272 ponitur,
508 1208 598 1269 quam
627 1190 761 1250 sorficem
783 1199 901 1252 uocant.
942 1189 1015 1251 Nam
1040 1209 1076 1250 ex
1091 1205 1117 1244 10

69 1273 230 1338 lectissimis
249 1277 394 1340 militibus
413 1282 444 1339 in
462 1293 486 1341 v
504 1279 635 1340 litteram
654 1279 727 1339 ordo
747 1281 926 1356 conponitur
945 1287 975 1340 et
993 1278 1077 1340 illum

70 1382 186 1428 cuneum
208 1369 321 1446 excipit
339 1375 429 1447 atque
448 1387 484 1428 ex
498 1376 626 1446 utraque
645 1376 730 1446 parte
745 1367 910 1446 concludit,
925 1385 985 1447 quo
1000 1367 1077 1429 sacto

70 1455 151 1514 aciem
178 1473 242 1517 uon
269 1463 368 1534 potest
395 1475 546 1535 rumpere.
594 1455 667 1516 Item
697 1473 779 1516 serra
807 1456 917 1516 dicitur
941 1473 1017 1535 quae
1040 1455 1077 1516 ab

70 1546 189 1605 strenuis
205 1544 321 1604 directa
335 1553 402 1606 ante
418 1546 547 1606 frontem
565 1544 727 1623 obponitur
741 1543 891 1625 hostibuS,
910 1552 945 1606 ut
958 1543 1077 1605 turbata

71 1632 137 1692 acies
156 1642 323 1712 reparetur.
362 1633 473 1695 Globus
492 1641 592 1694 autem
612 1634 722 1694 dicitur
741 1636 793 1713 qui
812 1652 829 1694 a
847 1652 900 1694 sua
915 1635 978 1694 acie
993 1651 1075 1711 sepa·
1091 1647 1118 1690 rs

70 1729 141 1780 ratus
160 1741 238 1801 uago
259 1731 446 1801 superucutu
463 1725 598 1784 incursat
610 1725 760 1804 inimicos,
780 1729 884 1784 contra
899 1741 987 1802 quem
1003 1722 1078 1782 alter

71 1809 234 1886 populosior
249 1811 298 1871 uel
317 1812 423 1874 sortior
437 1813 599 1873 inmittitur
613 1809 728 1890 globus,
762 1811 990 1873 Obseruandum
1005 1829 1077 1891 quo·

84 1960 112 2014 V.
129 1961 158 2019 L.
203 1964 365 2034 idrungos
375 1966 419 2020 eP
435 1965 557 2035 drengos
567 1967 597 2019 Π
615 1963 737 2019 drnnoos
748 1966 765 2018 δ
823 1971 845 2046 2,
859 1980 1029 2032 cornumque
1044 1964 1082 2018 M

72 2035 203 2108 domuique
224 2034 253 2089 A
277 2051 418 2105 cornuque
439 2040 475 2090 111
565 2036 712 2106 rotundes]
733 2035 926 2119 rotundrstAp
947 2033 1082 2118 rotundas

71 2117 98 2156 θέε
116 2103 180 2161 Pur.
201 2111 280 2162 7230
298 2109 340 2174 A,
359 2123 473 2176 quocum
491 2108 628 2162 artissime
646 2109 783 2173 cohaeret,
806 2108 894 2162 codem
916 2105 942 2160 G
964 2106 1078 2160 uendroo

149 2216 165 2264 3
186 2211 244 2266 Sed
268 2213 296 2266 et
318 2212 336 2268 i.
363 2213 386 2284 Q
408 2215 492 2284 culpo
516 2180 608 2270 Sosi.
627 2213 655 2268 L
732 2209 875 2265 fortissimi
898 2208 1079 2265 conlocentur

73 2279 137 2345 (coll.
146 2287 176 2353 11)
192 2285 253 2337 A'rr
266 2282 431 2340 fortissimos
437 2285 618 2340 conlocentur
629 2285 666 2338 M
678 2280 842 2337 fortissimos
855 2281 1025 2336 conlocentt

73 2386 173 2461 titum]
187 2387 326 2444 hisdemi
374 2390 506 2446 aduersus
511 2411 532 2446 11
578 2389 671 2446 certus
675 2359 807 2444 -modis
812 2391 840 2442 Π
889 2384 1079 2458 6[cum]Scr.

74 2489 145 2550 Scluo.
192 2501 208 2550 8
229 2495 297 2565 quie
315 2497 424 2578 affl)
439 2466 521 2581 quii]
537 2496 670 2579 pluribus
676 2499 707 2550 Π
724 2495 790 2564 quia
809 2493 894 2620 [a]u'
915 2493 961 2564 qrir
979 2496 1025 2546 ei
1052 2563 1058 2574 ·

75 2565 101 2617 10
113 2565 226 2622 forficen
240 2570 258 2621 δ
296 2574 328 2622 11
343 2585 374 2622 1n
387 2569 413 2623 V
427 2569 561 2624 litteraP
572 2586 603 2623 ru
614 2568 637 2622 V
652 2568 749 2622 lrttera
763 2569 821 2633 (sed
876 2584 895 2622 s.
911 2567 929 2620 l.
943 2568 992 2632 cr.)
1008 2566 1038 2618 H
1049 2581 1079 2617 11

74 2666 157 2726 littorei
177 2689 192 2726 c
210 2676 260 2729 lu
288 2673 316 2727 V
330 2673 361 2728 in
387 2675 437 2747 [V]
460 2675 551 2731 lateri,
573 2676 604 2730 D
626 2673 655 2728 iu
678 2673 705 2728 V
728 2662 776 2727 titt
800 2674 837 2726 M
857 2670 888 2726 in
910 2671 937 2726 V
959 2659 1008 2725 nei
1030 2675 1081 2726 out

74 2743 117 2853 pri
133 2779 169 2850 A,
198 2780 325 2849 (termut
348 2783 433 2836 ocae
459 2783 606 2837 succuum
628 2784 667 2853 A,
695 2780 725 2834 tn
748 2777 932 2860 nemetum
956 2776 983 2831 v
1005 2743 1079 2857 11111)

75 2861 98 2898 11
114 2848 137 2902 V
154 2849 237 2905 littus
252 2851 319 2906 Por.
340 2856 416 2909 7230
434 2852 462 2908 A
483 2857 524 2918 (u.
543 2859 578 2922 s.)
599 2851 630 2907 in
653 2870 740 2907 nuum
764 2849 926 2905 confertur
998 2862 1079 2930 pour·

74 2916 113 2970 tur
133 2921 199 2978 Pur.
226 2925 302 2977 7230
320 2924 348 2977 A
422 2929 456 2978 14
478 2941 495 2978 u
520 2923 638 2978 strenuis
653 2924 681 2977 P
752 2929 785 2976 tc
808 2920 976 2988 superuentu
994 2920 1037 2987 (en
1055 2918 1084 2973 P

75 3003 133 3115 corr]
155 3009 188 3047 ecc
211 2991 387 3064 sempuentu)
411 3014 432 3050 π
457 2994 623 3065 superuento
646 2995 682 3049 A'
707 2992 904 3062 superuentum
928 2990 966 3045 M
987 2989 1080 3060 super·
1126 3038 1129 3043 .

25 3083 28 3090 ’
75 3075 120 3114 uen
133 3081 152 3116 u
168 3065 263 3118 turni

91 3183 113 3239 S.
130 3188 160 3242 L.
215 3195 231 3244 2
250 3189 385 3261 replices]
399 3189 521 3260 replecis
532 3191 568 3259 A,
590 3187 738 3259 repletisp
754 3186 866 3257 replens
879 3185 947 3242 Por.
963 3191 1039 3243 7230
1053 3186 1081 3240 A

137 3265 152 3312 3
171 3259 371 3333 extremitatis]
395 3259 560 3316 stremitetis
575 3259 602 3314 α’
675 3267 691 3315 8
709 3258 828 3330 rumpit]
851 3260 964 3327 rumpet
982 3259 1009 3310 α’

78 3331 104 3379 11
122 3330 297 3401 componitur
314 3335 346 3386 Π
435 3339 469 3386 12
489 3331 606 3402 excipit]
631 3331 760 3401 excoepit
781 3332 817 3400 A,
846 3328 958 3398 excepit
976 3327 1015 3381 M

79 3400 106 3450 14
121 3400 252 3474 srontem]
271 3403 364 3458 fronte
382 3401 409 3457 α’
483 3401 634 3472 opponitur
653 3405 702 3472 μΠ
762 3407 794 3456 to
812 3400 872 3470 sua]
893 3400 957 3454 suec
976 3397 1015 3452 M

79 3471 106 3520 16
123 3474 298 3598 uagc]bego
318 3474 357 3528 M
431 3473 570 3547 incurset]
590 3472 748 3527 incurrete
825 3470 968 3553 inimicos]
989 3469 1081 3552 inimi-

80 3539 120 3592 eus
133 3541 157 3596 α’
177 3546 187 3613 (
212 3546 222 3614 )
271 3552 304 3600 17
323 3544 496 3615 populosior]
516 3543 677 3614 populosius
693 3545 720 3597 α’
768 3541 936 3612 inmittitur]
956 3541 1081 3594 mmrtte-

79 3608 198 3686 tur-Am
219 3615 367 3671 inmitetur
392 3615 454 3685 ΜΟ
476 3615 604 3671 imitetur
631 3616 698 3670 Pur.
722 3618 799 3671 7230
817 3613 845 3667 A
872 3610 1036 3667 immittitur
1053 3611 1085 3663 Π
