2576 4080
429 231 490 290 Lib.
508 229 570 300 1111,
589 235 632 286 ae.
651 236 694 284 ar.
1006 231 1068 296 147

66 375 254 439 defendantur
276 396 293 438 a
313 377 383 439 sole.
417 378 493 440 lllnd
517 397 636 458 quoque
660 397 733 440 usus
755 381 880 460 inuenit,
903 389 938 442 ut
960 383 1069 442 acerri-

64 483 121 525 mos
144 484 177 526 ac
201 469 407 544 sagacissimos
431 486 520 529 canes
542 469 574 526 in
604 466 737 529 turribus
764 469 911 550 nutriant,
939 470 992 548 qni
1019 469 1068 530 ad·

64 561 178 614 uentum
207 553 340 616 bostium
368 555 460 616 odore
488 558 691 636 praesentiant
718 555 887 634 latratuque
911 564 1068 620 testentur.

64 642 183 702 Anseres
208 661 328 722 quoque
352 661 412 704 non
436 646 550 705 minore
573 644 704 705 sollertia
722 651 886 706 nocturnos
905 663 1068 725 superuen-

63 737 105 790 tns
127 730 308 792 clamoribus
331 732 487 794 indicant·
506 731 580 792 Nam
603 734 731 812 ingressi
753 731 948 813 Capitolinam
971 748 1097 796 areem⁵

64 817 128 880 Galli
146 818 314 882 Romanum
333 838 443 881 nomen
462 828 612 901 eruerant,
635 822 694 881 nisi
713 821 841 883 clamore
861 839 999 884 anserum
1021 841 1070 883 ex·

64 909 161 968 citatus
175 907 294 968 Mallius
313 911 483 970 restitisset.
511 909 584 970 Mira
599 909 750 988 diligentia
765 911 830 970 siue
844 909 962 972 fortuna
977 913 1069 990 uiros,

64 997 108 1073 qui
129 997 308 1058 uniuersum
332 996 436 1058 orbern
459 1005 545 1058 erant
568 999 690 1058 missuri
712 997 768 1058 sub
791 1001 903 1080 iugum,
926 1001 990 1060 anis
1011 1017 1069 1060 una

64 1087 196 1146 seruauit.
251 1120 256 1125 ·

140 1171 258 1234 XXVll.
281 1173 347 1234 Non
372 1173 467 1236 solum
490 1175 522 1234 in
546 1172 751 1235 obsidionibus
775 1175 827 1235 sed
846 1177 877 1236 in
896 1177 1053 1255 uni-Qmdo
1072 1214 1174 1256 ww„

63 1277 148 1322 uerso·
164 1279 278 1340 genere
298 1261 447 1323 bellorum
466 1279 557 1342 supra
575 1263 673 1323 omnia
692 1261 812 1324 ducitur
831 1262 962 1324 bostium
970 1259 1174 1294 ¹¹¹‘⁰¹·¹²²¹¹¹¹'¹'¹‘¹¹“²

64 1351 302 1410 consuetudinem
325 1350 480 1430 explorare
504 1349 662 1429 diligenter
685 1368 719 1412 ac
743 1368 838 1412 nosse.
873 1350 1066 1430 Oportunitas

64 1439 132 1498 enim
153 1438 332 1499 insidiarum
355 1439 441 1500 aliter
459 1456 519 1500 non
537 1445 637 1519 potest
654 1440 794 1518 inueniri,
817 1441 875 1499 nisi
894 1441 979 1520 scias,
1003 1442 1067 1519 qui·

63 1521 110 1584 bns
131 1525 215 1586 boris
234 1526 426 1588 aduersarius
445 1545 461 1588 a
480 1526 590 1588 laboris
608 1529 774 1589 intentione
793 1526 934 1607 discedat,
958 1528 1067 1607 quibus

63 1613 194 1676 reddatur
213 1616 371 1695 incautior,
388 1615 539 1676 interdum
554 1615 652 1676 medio
670 1615 726 1697 die,
744 1615 897 1676 interdum
912 1615 947 1676 ad
962 1635 1065 1697 uespe·
1081 1631 1107 1672 15

63 1717 129 1783 rum,
147 1721 238 1782 saepe
253 1711 350 1784 nocte,
369 1703 526 1782 aliquando
541 1722 577 1764 eo
591 1712 736 1785 tempore,
755 1722 814 1784 quo
830 1707 960 1768 sumitur
974 1705 1067 1784 cibus,

64 1806 122 1850 cum
149 1793 310 1870 utriusque
336 1793 430 1871 partis
453 1792 562 1852 milites
585 1791 622 1852 ad
644 1794 780 1870 reqtriem
803 1793 913 1854 autad
937 1796 1067 1856 curanda

64 1893 177 1956 corpora
197 1879 422 1958 disperguntur.
458 1879 543 1951 Quod
563 1882 594 1941 in
613 1882 734 1942 ciuitate
754 1899 823 1943 cum
841 1885 975 1962 eoeperit
993 1884 1067 1963 fieri,

64 1963 224 2028 obsidentes
245 1975 310 2029 astu
331 1985 363 2029 se
383 1987 399 2028 a
418 1967 532 2048 proelio
556 1968 745 2050 subtrahunt,
768 1977 802 2030 ut
825 1969 1066 2032 aduersariorum

63 2054 257 2135 neglegentiae
280 2055 431 2118 licentiam
450 2056 592 2118 tribuant.
628 2057 709 2128 Quae
727 2060 793 2136 ipsa
811 2060 978 2136 inpunitate
997 2077 1065 2120 cunr
1080 2074 1107 2114 eo

63 2146 194 2226 creuerit,
217 2154 342 2224 repente
365 2145 491 2207 admotis
515 2145 659 2206 machinis
682 2146 732 2206 uel
750 2144 892 2224 adpositis
911 2146 998 2206 scalis
1017 2165 1065 2206 oc·

64 2241 162 2309 cupant
180 2234 343 2294 ciuitatem.
374 2232 411 2293 Et
425 2233 493 2294 ideo
507 2235 538 2306 in
553 2236 647 2294 muris
661 2251 730 2295 saxa
745 2240 903 2311 ceteraque
918 2241 1065 2295 tormenta

63 2341 266 2355 ὴ--ι-ι

656 2344 672 2372 n

78 2382 106 2437 V.
123 2385 153 2442 L.
221 2390 235 2438 1
254 2384 441 2440 defendantur
458 2385 526 2455 Apa
544 2385 711 2441 defendatur
729 2386 761 2438 Π
775 2383 942 2440 defendatur
961 2385 1016 2440 GP

64 2455 184 2527 todora]
205 2455 304 2511 nidore
322 2456 351 2510 π’
404 2462 423 2520 ,6
442 2455 528 2527 Nam]
546 2455 644 2526 Nuper
662 2458 692 2509 Π
744 2458 909 2511 tenuerant
927 2456 984 2510 a'n'
1004 2472 1065 2512 aru·

64 2528 132 2580 erant
149 2525 235 2582 ΜΡ
259 2527 392 2582 eruerant
421 2543 489 2584 coar.
507 2529 539 2582 in
558 2528 689 2581 eruerent
707 2530 737 2593 (n
756 2525 804 2593 1?)
824 2527 847 2597 Q
932 2527 1035 2582 anseris
1051 2532 1065 2582 t

64 2597 136 2664 culpo
229 2603 244 2651 7
263 2595 389 2668 mallius]
408 2597 559 2654 &mallim
573 2598 602 2651 A
623 2597 758 2651 manilius
774 2598 802 2651 P
822 2598 945 2653 manlius
960 2598 1066 2655 Florus

64 2666 136 2738 culpo
210 2667 294 2722 Bsub
313 2667 380 2738 ingo
399 2668 447 2722 luo
466 2667 529 2723 anis
544 2670 575 2721 H

123 2738 186 2796 Ore.
205 2737 319 2794 XXVII.
375 2745 408 2793 11
428 2738 539 2794 ducitur
558 2738 652 2808 μθὸΡ
674 2736 777 2793 dieitur
795 2739 824 2793 A
848 2739 959 2794 lucrum
977 2740 1019 2794 alt
1037 2743 1066 2794 Π

93 2813 122 2861 17
141 2809 231 2881 [eum]
251 2828 277 2877 ⁸3
297 2824 400 2864 comma
418 2827 482 2864 cum
500 2839 536 2850 -
554 2808 749 2879 disperguntur
766 2811 846 2865 meede
863 2811 977 2865 inclusit
990 2809 1064 2864 Seri-

64 2879 145 2936 urens
220 2885 252 2934 19
270 2882 303 2934 ut
321 2909 355 2920 -
373 2879 513 2950 tribuant]
533 2882 563 2934 ct
581 2911 614 2919 -
633 2880 760 2934 tribuunt
778 2880 807 2933 π’
862 2885 896 2934 20
914 2880 1065 2961 neglegen-

64 2944 123 3020 tiae]
142 2950 318 3022 negligentia
336 2949 390 3006 fibi
404 2951 451 3005 dP
483 2957 517 3005 at
537 2949 672 3021 admotis]
688 2948 791 3005 amotis
797 2950 845 3020 Ap
863 2950 1026 3005 ammonius
1036 2953 1067 3005 H

78 3089 101 3142 s.
114 3091 142 3149 n.
181 3099 199 3146 4
216 3092 324 3147 maore
342 3091 478 3163 nouerca]
497 3057 781 3172 enarratae
796 3090 919 3159 (rotenia
936 3093 1063 3160 cerame)

17 3223 18 3228 ἵ
136 3162 335 3233 supernantnl]
355 3162 401 3218 -oi
416 3164 442 3217 α’
534 3161 726 3231 ccaprtnlina
743 3178 867 3217 marcam
886 3163 923 3234 ΑἸ
946 3163 1064 3232 capituli

65 3244 230 3290 tamarcem
248 3235 286 3288 Μ
301 3233 486 3302 capitulinam
504 3237 630 3288 artemi
686 3240 702 3287 6
721 3232 855 3303 clamore]
875 3234 1024 3289 clamorem
1035 3234 1063 3288 A

17 3347 18 3356 ,
124 3308 140 3358 8
164 3304 323 3360 uniuersum
346 3305 443 3360 orbem
479 3302 638 3358 uniuersam
656 3302 755 3359 urbem
772 3303 810 3374 nl
837 3303 996 3359 uniuersum
1019 3323 1064 3358 ur-

17 3361 18 3390 *
65 3367 119 3427 bem
138 3376 175 3429 Μ
245 3375 426 3499 adornauit}l
434 3305 557 3430 rimabit
575 3376 606 3428 Π
691 3443 697 3455 .
790 3444 796 3456 ι
1012 3444 1018 3456 ⁸

125 3444 184 3504 Ger.
203 3445 316 3500 XXVII.
355 3451 389 3500 14
427 3445 497 3516 oris]
517 3443 574 3501 on'i
585 3463 597 3499 a
637 3449 670 3500 15
688 3459 830 3500 mcaueror
845 3445 883 3499 M
917 3451 949 3500 17
964 3445 1065 3500 utnul-

66 3515 122 3585 que]
140 3517 262 3586 utrisque
281 3519 312 3571 Π
367 3515 485 3642 'partili
504 3515 601 3586 partes
617 3535 636 3569 α
701 3521 734 3571 18
753 3514 891 3586 coeperit]
912 3515 1018 3589 ceperit
1036 3519 1068 3570 Π

111 3591 141 3640 19
160 3587 219 3643 altu
237 3588 264 3643 se
282 3587 312 3659 a]
332 3587 439 3644 nausea
547 3591 582 3640 20
600 3586 768 3657 impunitate
788 3589 818 3640 Π
870 3591 903 3640 71
923 3585 1016 3656 appol.
1039 3589 1065 3639 ll

852 3673 906 3727 10*
