2604 4082
460 240 677 310 numne
1032 239 1076 304 m

82 388 206 450 foeditate
220 392 330 451 uitiatis
343 389 501 451 haustibus
516 397 546 452 et
560 395 628 450 esre
643 396 786 468 corrupto
804 391 1077 469 perniciosissimus

81 481 198 539 uescitur
220 478 356 561 morbus,
380 481 432 557 qui
454 477 608 558 prohiberi
632 496 691 539 non
714 485 814 558 potest
832 478 918 539 aliter
937 479 996 539 nisi
1018 478 1076 539 sre-

80 569 170 644 quenti
190 569 353 628 mutatione
378 573 553 630 castrorum.

154 655 201 716 lii.
224 655 306 716 Ordo
324 655 516 736 postulatus
534 655 570 715 de
595 662 762 716 commeatu
784 653 893 734 pebuio
911 654 972 714 sru-
984 677 1189 736 meum„

81 746 236 823 mentisque
251 743 377 804 dicetur.
402 743 527 824 Saepius
540 747 620 804 enim
634 745 759 824 penurie
774 761 863 823 quem
877 759 976 822 pugne
986 737 1188 824 mdssfflffl

81 835 215 894 consumit
226 835 401 913 exercitum,
412 841 442 894 et
451 832 532 892 serre
545 833 663 894 saeuior
676 833 770 894 semes
784 839 838 893 est.
862 830 974 892 Deinde
986 826 1019 860 “¹
1030 825 1134 862 mm·

80 919 190 999 reliquis
205 920 326 982 ossibus
340 928 439 1000 potest
452 922 483 980 in
498 929 633 1001 tempore
649 920 813 1001 subueniri,
823 919 972 1000 pebuletio
987 928 1017 980 et
1031 937 1081 980 an·

81 1025 146 1068 none
158 1011 189 1070 in
203 1011 383 1070 necessitate
402 1010 569 1071 remedium
586 1027 646 1070 non
660 1009 779 1091 hebent,
793 1010 852 1070 nisi
866 1016 934 1070 ente
953 1007 1081 1070 conden-

79 1103 126 1156 tur.
160 1097 193 1157 in
212 1100 296 1158 omni
315 1098 502 1177 expeditione
521 1116 615 1159 unum
635 1106 730 1159 estet
748 1100 909 1159 maximum
928 1096 1029 1176 telum,
1048 1105 1082 1158 ut

79 1183 123 1244 tibi
140 1187 268 1248 susfleiet
287 1189 396 1266 uictus,
413 1186 516 1247 hostes
530 1187 647 1266 srenget
660 1188 767 1267 inopie.
795 1187 871 1247 Ante
885 1188 976 1265 igitur
990 1203 1079 1266 quem
1095 1201 1122 1240 ro

78 1273 222 1335 inchoetur
246 1274 372 1355 beilum,
394 1274 432 1335 de
451 1277 545 1354 copiis
565 1278 762 1356 expensisque
782 1273 887 1336 soliers
907 1273 995 1335 debet
1014 1293 1080 1336 esse

78 1367 217 1444 tractatus,
225 1362 375 1442 utpebuie
385 1363 568 1424 frumentum
579 1372 756 1442 ceterosque
767 1364 946 1423 annonariae
955 1365 1081 1442 species,

78 1467 139 1527 ques
153 1471 168 1512 a
182 1450 420 1531 prouincialibus
439 1452 623 1513 consuetudo
639 1450 786 1534 deposcit,
800 1451 947 1511 maturius
962 1452 1081 1529 exigan-

77 1545 117 1597 tur
133 1548 162 1600 et
178 1543 210 1600 in
229 1543 389 1620 oportunis
408 1539 443 1600 ed
463 1558 528 1600 rem
546 1541 706 1619 gerendam
726 1559 759 1601 ec
782 1539 989 1600 munitissimis
1007 1538 1081 1599 locis

77 1627 187 1706 amplior
211 1646 334 1707 semper
356 1628 476 1710 modus,
499 1647 587 1708 quem
611 1630 734 1710 sufficit,
758 1628 945 1708 adgregetur.
994 1627 1079 1699 Quod
1095 1641 1121 1682 ns

78 1715 98 1772 si
114 1715 220 1778 tributa
243 1716 397 1797 deficiunt,
415 1725 575 1796 protegeto
590 1735 663 1778 euro
678 1717 865 1797 conperenda
883 1724 955 1776 sunt
972 1718 1079 1777 omnic.

77 1800 167 1882 Neque
186 1807 269 1866 enim
289 1805 461 1866 diuitiarum
480 1823 586 1868 secure
604 1809 753 1885 possessio
772 1816 831 1886 est,
854 1807 912 1865 nisi
931 1823 1082 1867 armorum

77 1889 240 1955 desensione
255 1902 403 1956 seruetur.
426 1893 614 1973 Frequenter
624 1904 723 1955 entem
738 1896 901 1956 necessitas
914 1896 1082 1973 geminetur

78 1987 104 2038 ct
123 1979 236 2042 obsidio
260 1999 348 2061 seepe
371 1983 404 2042 flt
427 1983 557 2063 longior,
575 2000 664 2062 quem
682 1985 812 2064 puteris,
831 2000 899 2043 cum
918 1981 1083 2042 eduerserii

79 2069 156 2129 etiem
178 2073 239 2150 ipsi
257 2072 426 2131 esurientes
444 2071 658 2132 circumsidere
678 2090 737 2133 non
757 2071 894 2132 desinent
912 2088 987 2149 quos
1006 2070 1082 2129 seme
1097 2087 1124 2126 eo

80 2166 189 2234 sperent
212 2177 281 2219 esse
304 2159 478 2224 uincendos.
518 2159 678 2221 Praeterea
696 2159 838 2238 quicquid
857 2161 888 2217 in
906 2175 1015 2237 pecore
1035 2156 1083 2216 uei
1103 2187 1111 2208 ι

80 2259 258 2326 quecumque
277 2246 363 2326 sruge
383 2249 515 2326 uinoque
533 2247 628 2308 hostis
646 2249 781 2308 inserens
795 2245 906 2306 beilum
920 2244 955 2305 ad
970 2247 1083 2306 uictum

80 2348 156 2393 suum
183 2337 297 2414 poterit
324 2353 485 2418 occupare,
512 2353 572 2396 uon
601 2336 696 2397 solum
725 2334 883 2395 admonitis
910 2351 964 2412 per
988 2331 1085 2394 edicte

74 2432 276 2450 Ἢ

90 2463 118 2520 V.
134 2467 163 2522 L.
239 2468 436 2540 nfrequenter
455 2470 501 2525 sP

137 2536 199 2594 Oen.
219 2540 267 2594 ΙΙΙ.
343 2546 360 2593 4
381 2543 538 2596 commeatu
557 2540 663 2611 pabulo
681 2539 884 2609 frumentisque
899 2542 917 2594 ὃ
935 2542 1074 2596 commeat

79 2607 197 2672 (comensi
217 2613 247 2680 p)
271 2610 378 2680 pabulo
397 2611 548 2667 frumentis
561 2612 612 2681 Ap
634 2610 821 2666 commeantis
839 2611 944 2682 pabulo
963 2612 1085 2668 frumen-

77 2675 155 2746 tisque
173 2683 206 2736 Π
229 2682 388 2736 commeatu
429 2681 523 2737 ebulis
542 2681 741 2754 frumentisque
761 2683 789 2736 P
810 2686 969 2738 commeatu
1008 2683 1086 2738 ebuli

76 2742 255 2820 frumentique
274 2751 299 2806 G
351 2759 367 2807 9
388 2700 429 2808 ed
447 2756 477 2808 et
494 2755 524 2807 π’
543 2754 621 2809 extet
639 2753 715 2823 GpP
732 2755 810 2808 exter
823 2754 851 2808 A
900 2701 1005 2824 telumd
1021 2769 1085 2807 con-

73 2866 152 2926 silium
170 2875 219 2928 eP
279 2880 313 2928 10
332 2825 453 2930 110er
512 2876 716 2948 11[copiis]s
775 2875 953 2946 expensisque
972 2874 1083 2948 sollers]

73 2943 189 3010 expensis
199 2944 236 2999 sii
249 2945 413 3015 procuratio
428 2963 501 3017 quee
517 2947 603 3003 solers
614 2952 628 3000 t
672 2952 705 3002 12
719 2945 872 3018 inscissus]
890 2946 1051 3002 contractus
1055 2949 1087 3002 H

133 3055 165 3105 14
184 3051 233 3122 [ae
251 3067 311 3106 rem
329 3053 402 3133 μς]
421 3057 436 3108 r
509 3031 720 3124 1⁶⁰⁰a¹¹gregetur
734 3054 766 3107 u
808 3097 818 3120 ,
837 3059 870 3108 re
890 3054 931 3125 et]
950 3053 973 3108 n
992 3057 1023 3109 u

72 3119 208 3182 putaturi.
280 3128 314 3177 21
334 3124 473 3193 quidquid
491 3125 528 3195 Α1
551 3123 680 3194 quicquit
697 3126 735 3194 Π1

70 3205 271 3224 Ἢ*

86 3238 109 3292 S.
126 3242 155 3298 L.
212 3246 364 3302 lsediieic
383 3246 453 3300 A'H
503 3246 618 3303 uidistis
632 3247 660 3301 A
730 3245 857 3302 aestibus
873 3267 892 3302 α
942 3246 1082 3318 peruicio-

72 3306 190 3386 nmmur]
209 3315 453 3385 pernitiosiffimus
467 3318 504 3372 A‘
520 3285 757 3388 pemioiodffimir
771 3317 814 3387 ns

131 3384 192 3441 sinn.
211 3385 259 3442 111.
315 3387 454 3462 osemes]
473 3387 558 3444 minis
571 3389 620 3458 Ap
679 3393 694 3443 t
714 3387 870 3460 subueniri]
890 3388 1037 3444 subuenire
1057 3409 1077 3458 p

132 3461 164 3510 io
183 3457 288 3528 uictus]
307 3459 386 3515 nictu
404 3460 431 3513 α’
504 3458 611 3530 uestes]
631 3457 720 3514 hostis
735 3459 762 3513 α’
837 3465 869 3513 12
889 3459 1074 3531 annonariae]

72 3528 211 3583 annonaria
228 3528 257 3583 A
314 3534 346 3584 13
365 3529 619 3600 prouintiulibusp
674 3536 708 3584 14
726 3530 762 3585 ed
779 3530 852 3602 rem]
871 3547 967 3600 regem
986 3530 1024 3585 Μ

73 3596 99 3645 ie
115 3600 301 3670 comparanda
318 3599 388 3655 A’H
449 3606 482 3655 1'1
501 3600 668 3657 diuicierum
687 3601 715 3655 A
777 3607 811 3656 22
830 3599 931 3672 hostis]
952 3599 1027 3656 hosii
1046 3601 1076 3654 Π
