2604 4082
447 230 509 290 Lib.
528 230 575 299 nr,
595 234 619 286 1.
639 235 665 285 a.
1018 226 1061 291 61

72 385 205 456 praetores
223 377 305 439 uelut
324 381 455 439 minores
475 378 566 438 duces
585 377 621 438 ad
636 376 855 457 expeditionem
870 395 958 456 saepe
972 376 1061 437 duce-

70 465 136 527 bant.
177 465 256 537 Quod
286 469 313 528 si
339 485 461 546 magnae
489 467 620 527 hostium
649 467 750 545 copiae
779 464 964 544 dicerentur,
993 482 1062 525 con·

69 553 159 614 solaris
183 562 312 634 potestas
341 573 408 616 cum
433 557 539 633 uiginti
567 554 687 617 milibus
709 553 842 633 peditum
868 561 1062 632 etquattuor

68 646 182 720 equitum
209 652 358 724 tamquam
386 661 485 704 comes
514 645 607 705 maior
633 641 815 703 mittebatur.
858 641 943 712 Quod
967 643 991 701 si
1017 644 1060 701 in-

69 732 133 790 inita
154 731 309 793 multitudo
333 750 370 792 ex
393 731 532 810 gentibus
555 732 748 792 ferocissimis
773 729 955 810 rebellasset,
979 737 1088 811 tunc,⁵

67 821 139 879 nimia
161 823 336 881 necessitate
360 831 498 901 cogente,
522 820 580 881 duo
604 820 696 881 duces
727 827 757 881 et
785 819 843 880 duo
868 817 1062 878 mittebantur

68 910 194 968 exercitus
220 927 289 970 cum
319 908 465 969 eiusmodi
488 917 660 987 praecepto:
701 903 901 988 ‘prouideaut,
925 925 962 968 ue
990 907 1061 985 quid

68 995 214 1075 respublica
229 996 401 1057 detrimenti
411 999 516 1077 capiat,
527 996 664 1058 consules
679 996 764 1057 ambo
776 990 909 1056 alterue'.
927 994 1061 1075 Denique

69 1101 121 1144 cum
142 1087 171 1144 in
194 1085 323 1146 diuersis
346 1085 531 1166 regionibus,
560 1096 663 1146 contra
686 1085 822 1146 diuersos
845 1085 946 1145 bootes
970 1101 985 1144 a
1009 1101 1060 1163 po·

69 1171 125 1250 pulo
145 1173 275 1238 Romano
299 1176 384 1234 annis
406 1192 500 1254 prope
529 1173 666 1235 omnibus
690 1180 886 1253 pugnaretur,
910 1172 976 1233 ideo
1001 1172 1102 1232 sut-1⁰

69 1260 187 1322 iciebant
208 1262 337 1324 militum
361 1264 477 1344 copiae,
503 1265 571 1342 quia
595 1261 698 1323 utilius
721 1260 890 1322 iudicabant
918 1279 978 1321 nou
1001 1269 1061 1322 tam

67 1349 173 1425 grandes
196 1353 349 1411 exercitus
371 1350 481 1412 habere
505 1369 593 1430 quam
617 1349 732 1431 plures,
756 1348 804 1409 illa
828 1357 926 1409 tamen
946 1352 1059 1409 ratione

68 1447 176 1513 seruata,
198 1457 239 1499 ue
263 1456 403 1518 umquam
427 1438 552 1518 amplior
578 1437 735 1499 multitudo
764 1436 917 1498 socialium
941 1436 1060 1497 auxilia·

68 1527 128 1585 rium
149 1537 228 1588 esset
253 1529 282 1587 in
307 1530 412 1588 castris
436 1545 524 1606 quam
547 1529 659 1589 ciuium
683 1527 892 1588 Romanorum.

137 1615 168 1676 ll.
200 1615 303 1697 Nunc,
327 1617 406 1694 quod
434 1615 482 1676 uel
505 1619 631 1677 maxime
656 1615 874 1694 prouidendum
894 1622 952 1689 est,
982 1635 1150 1676 onem-amosa

68 1704 295 1777 quemadmodum
327 1706 436 1765 sanitas
460 1705 645 1765 custodiatur
669 1706 831 1783 exercituo,
855 1680 1168 1765 admo-{illlibffbm'

66 1789 135 1871 nebo,
146 1791 201 1854 boc
220 1803 269 1853 est
282 1792 355 1852 locis
370 1795 454 1872 aquis
469 1801 602 1872 tempore
619 1792 763 1854 medicina
783 1794 933 1853 exercitio,
965 1791 1062 1875 Locis,

67 1894 94 1936 ne
109 1881 135 1938 in
147 1881 299 1959 pestilenti
318 1883 439 1959 regione
453 1884 535 1941 iuxta
550 1881 703 1941 morbosas
723 1880 855 1962 paludes,
874 1899 911 1942 ne
927 1880 1016 1942 aridis
1032 1890 1062 1942 et

66 1967 116 2027 sine
128 1971 271 2047 opacitate
286 1968 426 2030 arborum
442 1972 553 2049 campis
573 1978 624 2030 aut
638 1968 772 2051 collibus,
793 1988 830 2030 ne
846 1971 909 2030 sine
924 1971 1061 2030 tentoriis

66 2063 157 2117 aestate
167 2057 276 2118 milites
287 2066 521 2138 commorentur3
535 2077 574 2119 ue
584 2061 697 2136 egressi
711 2057 824 2120 tardius
839 2066 869 2118 et
878 2057 975 2118 calore
986 2057 1056 2117 solis
1072 2073 1098 2112 so

67 2149 88 2200 et
96 2143 257 2224 fatigatione
267 2149 384 2207 itineris
395 2147 571 2208 contrabant
585 2147 732 2227 morbum,
746 2145 797 2206 sed
812 2148 912 2224 potins
923 2148 952 2204 in
968 2152 1061 2228 aestu,

78 2293 104 2348 V.
120 2297 148 2353 L.
197 2305 213 2352 2
235 2297 403 2354 ducerentur
420 2303 458 2353 πλ
507 2299 682 2371 3[pedibum
702 2297 894 2369 etquattuor]
914 2315 938 2363 e,
958 2298 986 2350 Ρ
998 2298 1062 2352 ilem

66 2367 173 2424 miserat
189 2371 238 2426 sed
256 2371 349 2425 atatim
368 2372 485 2426 correxit
503 2371 602 2440 equitii
619 2372 652 2424 in
672 2368 770 2439 peditis
789 2374 869 2438 atque
886 2370 919 2421 in
936 2369 1061 2437 margine

67 2437 156 2493 addidit
170 2442 199 2494 et
212 2442 336 2508 quatuor
348 2439 465 2496 milibus
475 2441 583 2510 equitii)
633 2448 649 2494 o
668 2438 820 2495 rebellaret
833 2441 861 2492 Π
911 2444 927 2492 6
946 2437 1060 2494 occelli-

67 2505 145 2562 tauns
158 2513 188 2563 Π
260 2516 275 2564 ‘t
290 2510 459 2581 prouideant
476 2511 674 2581 (procidebant
689 2511 729 2580 D)
743 2511 773 2564 π’
793 2513 824 2566 ut
837 2508 1006 2580 prouideant
1020 2510 1064 2564 sP

92 2583 105 2632 8
117 2595 137 2632 c.
151 2581 234 2636 ambo
250 2581 357 2637 alterne
371 2582 501 2637 Korttius
516 2599 539 2638 c.
550 2583 633 2636 ambo
648 2582 739 2637 albero
753 2581 780 2635 A
796 2598 818 2639 0.
832 2581 916 2638 umbo
927 2582 1015 2637 altero
1027 2580 1065 2636 M

68 2661 83 2699 0.
91 2651 163 2706 smbo
171 2654 247 2707 atter
258 2650 285 2706 G
297 2651 449 2728 peoniulei
459 2653 542 2708 ambo
556 2654 670 2708 alteret
682 2651 834 2737 peoniulei
842 2653 925 2708 ambo
935 2653 1026 2707 altero
1036 2652 1064 2705 P

67 2736 172 2793 00010101
185 2739 272 2794 ambo
291 2740 398 2796 alterne
416 2741 490 2796 alter
507 2742 626 2797 ambone
642 2743 673 2794 Π
688 2758 712 2797 0.
732 2759 756 2796 a.
776 2741 850 2797 siber
868 2740 915 2796 uel
932 2741 982 2794 alt.
1001 2755 1061 2792 cm·

65 2803 154 2885 bouet
175 2809 305 2866 eonsules
324 2810 396 2866 alter
418 2813 538 2866 ambone
563 2811 617 2868 Ode.
637 2811 710 2868 Plu.
730 2817 757 2878 5,
777 2816 813 2866 19
834 2811 972 2876 (mobiliter
997 2809 1061 2864 Gel-

67 2873 141 2945 trost,
155 2885 202 2949 12)
216 2880 290 2936 cons.
305 2883 388 2938 ambo
407 2882 453 2937 uel
467 2882 540 2937 alter
556 2883 675 2937 ambone
691 2882 814 2937 Oudenoi.
829 2879 972 2936 consulum
987 2879 1061 2934 alter

65 2947 163 3006 turbone
179 2951 323 3009 Scbwcbd.
361 2959 377 3007 9
399 2953 451 3024 [in]
468 2953 513 3008 sP
549 2960 581 3008 12
600 2952 708 3023 plures]
728 2950 878 3008 instructos
889 2953 923 3022 Q,
943 2953 976 3006 in
991 2951 1008 3006 l.
1021 2967 1060 3020 er.

92 3025 119 3072 13
135 3020 273 3078 sociorum
292 3024 335 3077 lP
404 3023 618 3079 auxiliariumuc
635 3043 658 3077 π

120 3090 179 3147 Otr.
197 3093 234 3148 II.
294 3099 328 3149 20
347 3094 401 3166 [et]
420 3094 512 3149 colore
531 3095 574 3148 tP
632 3097 652 3150 t.
671 3110 714 3164 eg.
733 3094 817 3163 culpo
878 3099 910 3148 21
930 3093 960 3146 in
983 3092 1061 3148 celtu

66 3159 115 3238 tnta
126 3162 216 3218 lucem
231 3165 332 3234 scripsi
345 3182 379 3220 ecc
392 3169 422 3219 in
435 3164 513 3220 cestu
527 3167 591 3220 ante
604 3165 668 3220 luce
676 3166 706 3218 π’
716 3164 746 3219 in
760 3163 1061 3233 010001000οΡ01

66 3230 396 3292 caesenatenses.
416 3235 704 3305 etcorr.c2)aelbu
724 3234 900 3291 antelucem
918 3233 957 3291 st.
973 3233 1059 3288 80100.

68 3325 261 3346 κ.-

79 3366 99 3423 S.
113 3373 141 3428 t.
192 3375 376 3449 tduoebant]
392 3375 523 3432 dicebant
537 3378 568 3430 H
614 3375 799 3432 2000101001
809 3377 835 3431 Δ
896 3372 1061 3429 1010111010-

67 3434 120 3517 bput
146 3444 303 3502 sufficiebat
320 3465 341 3501 π
405 3453 437 3502 11
457 3447 632 3518 iudicabant]
651 3447 816 3503 iudicabunt
932 3451 966 3499 12
985 3459 1061 3498 exer-

68 3509 109 3564 crta
152 3515 197 3572 -ol'
212 3516 240 3571 α’
315 3523 348 3572 14
367 3518 448 3591 ellat]
467 3517 572 3573 011οΠ

141 3587 226 3644 mn.
256 3594 289 3644 16
299 3589 582 3658 quemommodmnll
609 3593 641 3643 21
652 3588 832 3660 fatigatione]
844 3583 1066 3656 sangenonerne

865 3673 903 3728 ὅ*
